
% -------------------------------------------------------------
% -----------------------   Books    --------------------------
% -------------------------------------------------------------


@book{allen_1973_laum,
    author = {Allen, Harold B.},
    title  = {The {L}inguistic {A}tlas of the {U}pper {M}idwest},
    date   = {1973},
    location = {Minneapolis},
    publisher = {University of Minnesota Press}
}

@book{baayen_2008,
    author    = {Baayen, R. Harald},
    title     = {Analyzing Linguistic Data: {A} Practical Introduction to Statistics using {R}},
    date      = {2008},
    location  = {Cambridge},
    publisher = {Cambridge University Press},
}

@book{bartlett_1848,
    author    = {Bartlett, John Russell},
    title     = {Diciontary of {A}mericanisms: {A} glossary of Words and Phrases, usually regarded as peculiar to the {U}nited {S}tates},
    date      = {1848},
    location  = {New York},
    publisher = {Bartlett and Welford},
}

@book{becker_2019_pads,
    editor = {Becker, Kara},
    title = {The {Low-Back-Merger Shift}: {U}niting the {Canadian Vowel Shift}, the {California Vowel Shift}, and {Short Front Vowel Shifts} across {North America}},
    date   = {2019},
    series = {Publications of the American Dialect Society},
    number = {104},
    location = {Durham, {NC}},
    publisher = {Duke University Press},
}

@book{boer_2001,
    author = {Boer, Bart de},
    title = {The Origins of Vowel Systems},
    date   = {2001},
    series = {Studies in the Evolution of Language},
    location = {Oxford},
    publisher = {Oxford University Press},
}

@book{cassidy_2013_dare,
    author = {Cassidy, Frederic G. and Hall, Joan Houston},
    title  = {Dictionary of {A}merican {R}egional {E}nglish},
    date   = {2013},
    note   = {https://dare.wisc.edu}
}

@book{de_wolf_1992,
    author    = {De Wolf, Gaelan Dodds},
    title     = {Social and regional factors in {C}anadian {E}nglish: {A} study of phonological variables and grammatical items in {O}ttawa and {V}ancouver},
    date      = {1992},
    location  = {Toronto},
    publisher = {Canadian Scholar's Press},
}

@book{faraway_2016,
    author    = {Faraway, Julian J.},
    title     = {Extending the Linear Model with {R}: {G}eneralized Linear, Mixed Effects and Nonparametric Regression Models},
    date      = {2016},
    series    = {Texts in Statistical Science},
    edition   = 2,
    location  = {Boca Raton},
    publisher = {Chapman \& Hall/CRC},
}

@book{fought_2003,
    editor = {Fought, Carmen},
    title = {Chicano {E}nglish in {C}ontext},
    date = {2003},
    location = {New {Y}ork, {NY}},
    publisher = {Palmgrave MacMillan},
}

@book{fridland_etal_2016_pads,
    editor = {Fridland, Valerie and Kendall, Tyler and Evans, Betsy E. and Wassink, Alicia Beckford},
    title = {Speech in the {W}estern {S}tates: {V}olume 1: The {C}oastal {S}tates},
    date = {2016},
    series = {Publications of the American Dialect Society},
    number = {101},
    location = {Durham, {NC}},
    publisher = {Duke University Press},
}

@book{fridland_etal_2017_pads,
    editor = {Fridland, Valerie and Wassink, Alicia Beckford and Kendall, Tyler and Evans, Betsy E.},
    title = {Speech in the {W}estern {S}tates: {V}olume 2: The {M}ountain {W}est},
    date = {2017},
    series = {Publications of the American Dialect Society},
    number = {102},
    location = {Durham, {NC}},
    publisher = {Duke University Press},
}

@book{eckert_2000,
    author = {Penelope Eckert},
    title  = {Linguistic Variation as Social Practice: {T}he Linguistic Construction of Identity in {B}elten {H}igh},
    date   = {2000},
    series = {Language in Society},
    number = {27},
    location = {Malden, {MA}},
    publisher = {wiley-Blackwell}
}

@book{eddington_2015,
    author = {Eddington, David},
    title  = {Statistics for Linguists: {A} Step-by-Step Guide for Novices},
    date   = {2015},
    publisher = {Cambridge Scholars Publishing},
    place = {Newcastle upon Tyne}
}

@book{gelman_hill_2007,
    author    = {Gelman, Andrew and Hill, Jennifer},
    title     = {Data Analysis Using Regression and Multilevel/Hierarchical Models},
    date      = {2007},
    series    = {Analytical Methods for Social Research},
    location  = {Cambridge},
    publisher = {Cambridge University Press},
}


@book{grant_etal_2017,
    author    = {Grant, Tim and Clark, Urszula and Reershemius, Gertrude and Pollard, Dave and Hayes, Sarah and Plappert, Garry},
    title     = {Quantitative Research Methods for Linguists: {A} questions and answers approach for students},
    date      = {2017},
    location  = {London},
    publisher = {Routledge},
}

@book{gries_2010,
    author    = {Gries, Stefan Th.},
    title     = {Statistics for Linguistics with {R}: {A} Practical Introduction},
    date      = {2010},
    location  = {Berlin},
    publisher = {Walter de Gruyter},
}

@book{gries_2009,
    author    = {Gries, Stefan Th.},
    title     = {Quantitative Corpus Linguistics with {R}: {A} Practical Introduction},
    date      = {2009},
    edition   = {1},
    location  = {New York, NY},
    publisher = {Routledge},
}

@book{hazen_2000_pads,
    author = {Hazen, Kirk},
    title  = {Identity and Ethnicity in the {R}ural {S}outh: {A} Sociolinguistic View Through Past and Present Be},
    date   = {2000},
    series = {Publication of the American Dialect Society},
    number = {83},
    location = {Durham, {NC}},
    publisher = {Duke University Press},
}

@book{johnson_2008,
    author    = {Johnson, Keith},
    title     = {Quantitative Methods in Linguistics},
    date      = {2008},
    location  = {Malden, MA},
    publisher = {Blackwell Publishing},
}

@book{johnson_2010_pads,
    author = {Johnson, Daniel Ezra},
    title  = {Stability and Change Along a Dialect Boundary: {T}he Low Vowels of southeastern {N}ew {E}ngland},
    date   = {2010},
    series = {Publication of the American Dialect Society},
    number = {95},
    location = {Durham, {NC}},
    publisher = {Duke University Press},
}

@book{katz_2016,
    author   = {Katz, Josh},
    title    = {Speaking {A}merican: {How} Yâ€™all, Youse, and You Guys Talk: {A} Visual Guide},
    date     = {2016},
    location = {Boston},
    publisher = {Houghton Mifflin Harcourt}
}

@book{kurath_1939_lane,
    author    = {Kurath, Hans},
    title     = {Linguistic Atlas of {N}ew {E}ngland},
    date      = {1939},
    location  = {Providence},
    publisher = {Brown University for the American Council of Learned Societies},
	note      = {6 vols. bound as 3},
}

@book{kurath_mcdavid_1961,
    author    = {Kurath, Hans and McDavid Jr., Raven I.},
    title     = {The Pronunciation of {E}nglish in the {A}tlantic {S}tates: {B}ased upon the Collections of the {L}inguistic {A}tlas of the {E}astern {U}nited {S}tates},
    date      = {1961},
    location  = {Ann Arbor},
    publisher = {University of Michigan Press},
}

@book{labov_1994,
    author    = {Labov, William},
    title     = {Principles of linguistic change. {V}ol. 1: {I}nternal Features},
    date      = {1994},
    series    = {Language in Society},
    location  = {Oxford},
    publisher = {Wiley-Blackwell},
}

@book{labov_2006,
    author    = {Labov, William},
    title     = {The social stratification of {E}nglish in {N}ew {Y}ork {C}ity},
    date      = {2006},
    edition   = 2,
    location  = {Cambridge},
    publisher = {Cambridge University Press},
}

@book{labov_ash_boberg_2006_anae,
    author    = {Labov, William and Ash, Sharon and Boberg, Charles},
    title     = {The Atlas of {N}orth {A}merican {E}nglish: {P}honetics, Phonology, and Sound Change},
    date      = {2006},
    location  = {Berlin},
    publisher = {Walter de Gruyter},
}

@book{labov_1972_LYS,
    author    = {Labov, William and Yaeger, Malcah and Steiner, Richard},
    title     = {A quantitative study of sound change in progress},
    date      = {1972},
    volume    = 1,
    location  = {Philadelphia, PA},
    publisher = {US Regional Survey},
}

@book{ladefoged_1996,
    author    = {Ladefoged, Peter},
    title     = {Elements of Acoustic Phonetics},
    date      = {1996},
    edition   = 2,
    location  = {Chicago, IL},
    publisher = {University of Chicago Press},
}

% NEW SOURCE
@book{ladefoged_johnson_2011,
    author    = {Ladefoged, Peter and Johnson, Keith},
    title     = {A Course in Phonetics},
    date      = {2011},
    edition   = 6,
    location  = {Boston},
    publisher = {Wadsworth},
}

@book{levshina_2015,
    author    = {Levshina, Natalia},
    title     = {How to do Linguistics with {R}: {D}ata exploration and statistical analysis},
    date      = {2015},
    location  = {Amsterdam},
    publisher = {John Benjamins Publishing Company},
}

@book{macaulay_2009,
    author    = {Macaulay, Ronald K.S.},
    title     = {Quantitative Methods in Sociolinguistics},
    date      = {2009},
    %location  = {X},
    publisher = {Palmgrave Macmillan},
}

@book{mcclelland_1976,
    author    = {McClelland, Jr., John M.},
    title     = {{R. A. Long}'s Planned City: {The} story of {Longview}},
    date       = 1976,
    publisher  = {Longview Publishing Co.},
    location   = {Longview, WA}
}

@book{mcculloch_1958,
    author  = {McCulloch, Walter Fraser},
    title   = {Woods Words: {A} Comprehensive Dictionary of Loggers Terms},
    date    = {1958},
    location = {Portland, {OR}},
    publisher = {The Oregon Historical Society and the Champoeg Press}
}

@book{olive_etal_1993,
    author    = {Olive, Joseph P. and Greenwood, Alice and Coleman, John},
    title     = {Acoustics of {A}merican {E}nglish speech: {A} Dynamic Approach},
    date      = {1993},
    location  = {Murray Hill, NJ},
    publisher = {Springer-Verlag},
}

@book{olson_1948,
    author = {Olson, Mrs. Charles H.},
    title = {Cowlitz {C}ounty {W}ashington 1854 - 1948},
    date = {1948},
    location = {Kelso, Washington},
    publisher = {Kelso Chamber of Commerce},
	edition = {2},
}

@book{pei_1967,
    author    = {Pei, Mario},
    title     = {The Many Hues of {E}nglish},
    date      = {1967},
    location  = {New York},
    publisher = {Alfred A. Knopf, Inc.},
}

@book{reed_1967,
    author    = {Reed, Carroll E.},
    title     = {Dialects of {A}merican {E}nglish},
    date      = {1967},
    location  = {Cleveland},
    publisher = {World}
}

@book{schlling_2013,
    author    = {Schilling, Natalie},
    title     = {Sociolinguistic Fieldwork},
    date      = {2013},
    location  = {Cambridge},
    publisher = {Cambridge University Press},
	doi       = {10.1017/CBO9780511980541},
}

@book{speelman_etal_2018,
    author    = {Speelman, Dirk and Heylen, Kris and Geeraerts, Dirk},
    title     = {Mixed-effects regression models in linguistics},
    date      = {2018},
    series    = {Quantitative Methods in the Humanities and Social Sciences},
    location  = {Cham, Switzerland},
    publisher = {Springer},
}

@book{strauss_howe_1991,
    author = {Strauss, William and Howe, Neil},
    title  = {Generations: {T}he History of {A}merica's Future, 1584 to 2069},
    date   = 1991,
    location = {New York},
    publisher = {William Morrow and Company, Inc.}
}

% NEW SOURCE
@book{strelluf_2018_pads,
    author = {Strelluf, Christopher},
    title  = {Speaking from the {Heartland}: {The Midland} vowel system of {Kansas City}},
    series = {Publication of the American Dialect Society},
    number = 103,
    date   = 2018,
    location = {Durham, NC},
    publisher = {Duke University Press}
}

@book{tagliamonte_2006,
    author    = {Tagliamonte, Sali A.},
    title     = {Analysing Sociolinguistic Variation},
    date      = {2006},
    series    = {Key Topics in Sociolinguistics},
    location  = {Cambridge},
    publisher = {Cambridge University Press},
}

@book{tagliamonte_2016,
    author    = {Tagliamonte, Sali A.},
    title     = {Making Waves: {T}he Story of Variationist Sociolinguistics},
    date      = {2016},
    location  = {Malden, MA},
    publisher = {John Wiley \& Sons},
}

@book{thomas_1958,
    author    = {Thomas, Charles Kenneth},
    title     = {An Introduction to the Phonetics of {A}merican {E}nglish},
    date      = {1958},
    location  = {New York},
    publisher = {Ronald Press Company}
}

@book{thomas_2001,
    author    = {Thomas, Erik R.},
    title     = {An Acoustic Analysis of Vowel Variation in {N}ew {W}orld {E}nglish},
    series    = {Publication of the American Dialect Society},
    number    = {85},
    date      = {2001},
    location  = {Durham, NC},
    publisher = {Duke University Press},
}

@book{thomas_yaegerdror_2009,
    author    = {Thomas, Erik R. and Yaeger-Dror, Malcah},
    title     = {African {A}merican {E}nglish Speakers and Their Participation in Local Sound Changes: {A} Comparative Study},
    series    = {Publication of the American Dialect Society},
    number    = {94},
    date      = {2009},
    location  = {Durham, NC},
    publisher = {Duke University Press}
}

@book{urrutia_1998,
    author = {Urrutia, Virginia},
    title = {They Came to Six Rivers: The Story of {C}owlitz {C}ounty},
    date = {1998},
    location = {Kelso, Washington},
    publisher = {Cowlitz County Historical Society},
}

@book{vaux_golder_2003,
    author  = {Vaux, Bert and Golder, Scott},
    title   = {The Harvard Dialect Survey},
    date    = {2003},
    location = {Cambridge, {MA}},
    publisher = {Harvard University Linguistics Department}
}

@book{wells_1982,
    author    = {Wells, John C.},
    title     = {Accents of {E}nglish: {A}n Introduction},
    volume    = 1,
    date      = {1982},
    location  = {London},
    publisher = {Cambridge University Press},
}

@book{wilma_2017,
	title = {Whistles: {T}he Story of the {L}ongview {F}ibre {C}ompany},
	author = {Wilma, David},
	date = {2017},
    publisher = {Book Publishers Network},
}

@book{winter_2019,
    title = {Statistics for Linguists: {A}n Introduction Using {R}},
    author = {Winter, Bodo},
    date   = {2019},
    publisher = {Routledge}
}

@book{wolfram_1969,
    author    = {Wolfram, Walt},
    title     = {A sociolinguistic description of {D}etroit {N}egro speech},
    date      = {1969},
    location  = {Washington DC},
    publisher = {Center for Applied Linguistics},
}

@book{wolfram_1974,
    author    = {Wolfram, Walt},
    title     = {Sociolinguistic Aspects of Assimilation: {P}uerto {R}ican {E}nglish in {N}ew {Y}ork {C}ity},
    date      = {1974},
    location  = {Washington DC},
    publisher = {Center for Applied Linguistics},
}

@Book{wood_2017,
    title = {Generalized Additive Models: {A}n Introduction with {R}},
    year = {2017},
    author = {Simon N. Wood},
    edition = {2},
    publisher = {Chapman and Hall/CRC},
    doi      = {10.1201/9781420010404}
  }

@book{woods_1979,
    author    = {Woods, Howard B.},
    title     = {A socio-dialectology survey of the {E}nglish spoken in {O}ttawa: {A} study of sociological and stylistic variation in {C}anadian {E}nglish},
    date      = {1979},
    publisher = {University of British Columbia},
	doi       = {10.14288/1.0100260}
}

@book{zelinsky_1973,
    author = {Zelinsky, Wilbur},
    title = {The cultural geography of the {U}nited {S}tates},
    date = {1973},
    publisher = {Prentice-Hall},
}







% -------------------------------------------------------------
% -------------------   BOOK SECTIONS    ----------------------
% -------------------------------------------------------------

@book{akin_goltry_1969,
    author    = {Akin, Johnnye and Goltry, T. S.},
    year      = {1969},
    title     = {Terms Used In Whitewater Kayaking In {C}olorado},
    volume    = 51,
    series    = {Publication of the American Dialect Society},
    number    = 1,
    pages     = {1--12},
    publisher = {University of Alabama Press},
    address   = {University, Alabama},
    doi       = {10.1215/-51-1-1},
}

@incollection{ash_2003,
    author    = {Ash, Sharon},
    year      = {2003},
    title     = {A National Survey of {N}orth {A}merican {D}ialects},
    booktitle = {Needed Research in {A}merican {D}ialects},
    editor    = {Preston, Dennis R.},
    series    = {The Publication of the American Dialect Society},
    number    = {88},
    pages     = {57--73},
    publisher = {Duke University Press},
    address   = {Durham, {NC}},
    doi       = {10.1215/-88-1-57},
}

@incollection{bailey_etal_1996,
    author = {Bailey, Guy and Tillery, Jan and Sand, Lori},
    year   = {1996},
    title  = {The Linguistic Consequences of Catastrophic Events: {A}n Example from the {A}merican {S}outhwest},
    booktitle = {Sociolinguistic Variation: {D}ata, Theory and Analysis: {S}elected Papers from {NWAV} 23 at {S}tanford},
    editor   = {Arnold, Jennifer and Blake, Ren{\'e}e and Davidson, Brad and Schwenter, Scott and Solomon, Julia},
    pages = {435--451},
    publisher = {CSLI Publications},
    address = {Stanford, {CA}},
}

@incollection{baker_etal_2008,
    author = {Baker, Adam and Mielke, Jeff and Archangeli, Diana},
    year   = {2008},
    title  = {More Velar than /g/: {C}onsonant Coarticulation as a Cause of Diphthongization},
    booktitle = {Proceedings of the 26th {West Coast Conference} on {Formal Linguistics}},
    editor   = {Chang, Charles B. and Haynie, Hannah J.},
    pages = {60--68},
    publisher = {Cascadilla Proceedings Project},
    address = {Somerville, {MA}},
}


@incollection{bar_el_etal_2017,
    author    = {Bar-El, Leora and Rosulek, Laura Felton and Sprowls, Lisa},
    year      = {2017},
    title     = {Montana {E}nglish and Its Place in the {W}est},
    booktitle = {Speech in the {W}estern {S}tates, {V}olume 2: {M}ountain {W}est},
    editor    = {Fridland, Valerie and Wassink, Alicia Beckford and Kendall, Tyler and Evans, Besty E.},
    series    = {Publication of the American Dialect Society},
    number    = {102},
    pages     = {107--138},
    publisher = {Duke University Press},
    address   = {Durham, NC},
    doi       = {10.1215/00031283-4295299},
}

@incollection{becker_etal_2016_pads,
    author    = {Becker, Kara and Aden, Anna and Best, Katelyn and  Jacobson, Haley},
    year      = 2016,
    title     = {Variation in {W}est {C}oast {E}nglish: The case of {O}regon},
    booktitle = {Speech in the {W}estern {S}tates, {V}olume 1: The {P}acific {C}oast},
    editor    = {Fridland, Valerie and Kendall, Tyler and Evans, Betsy E. and Wassink, Alicia Beckford},
    series    = {Publication of the American Dialect Society},
    number    = 101,
    pages     = {107--134},
    publisher = {Durham, NC},
    address   = {Duke University Press},
    doi       = {10.1215/00031283-3772923},
}

@incollection{bowie_2017_pads,
    author    = {Bowie, David},
    year      = 2017,
    title     = {Early development of the {W}estern {V}owel {S}ystem in {U}tah},
    booktitle = {Speech in the {W}estern {S}tates, {V}olume 2: {M}ountain {W}est},
    editor    = {Fridland, Valerie and Wassink, Alicia Beckford and Kendall, Tyler and Evans, Besty E.},
    series    = {Publication of the American Dialect Society},
    number    = {102},
    pages     = {83â€“106},
    publisher = {Duke University Press},
    address   = {Durham, NC},
    doi       = {10.1215/00031283-4295211},
}

@incollection{brumbaugh_koops_2017_pads,
    author    = {Brumbaugh, Susan and Koops, Christian},
    year      = 2017,
    title     = {Vowel Variation in {A}lbuquerque, {N}ew {M}exico},
    booktitle = {Speech in the {W}estern {S}tates, {V}olume 2: {M}ountain {W}est},
    editor    = {Fridland, Valerie and Wassink, Alicia Beckford and Kendall, Tyler and Evans, Besty E.},
    series    = {Publication of the American Dialect Society},
    number    = {102},
    pages     = {31--58},
    publisher = {Duke University Press},
    address   = {Durham, NC},
    doi       = {10.1215/00031283-4295200},
}

@incollection{cardoso_etal_2016_pads,
    author    = {Cardoso, Amanda and Hall-Lew, Lauren and Kementchedjhieva, Yova and Purse, Ruaridh},
    year      = 2016,
    title     = {Between {C}alifornia and the {P}acific {N}orthwest: The front lax vowels in {S}an {F}rancisco {E}nglish},
    booktitle = {Speech in the {W}estern {S}tates, {V}olume 1: The {P}acific {C}oast},
    editor    = {Fridland, Valerie and Kendall, Tyler and Evans, Betsy E. and Wassink, Alicia Beckford},
    series    = {Publication of the American Dialect Society},
    number    = 101,
    pages     = {33--54},
    publisher = {Durham, NC},
    address   = {Duke University Press},
    doi       = {10.1215/00031283-3772890},
}

% NEW SOURCE
@incollection{carmony_1970,
    author    = {Carmony, Marvin},
    year      = 1970,
    title     = {Some Phonological Rules of an {I}ndiana Dialect},
    booktitle = {The First {L}incolnland Conference on Dialectology},
    editor    = {Griffith, Jerry and Miner L. E.},
    pages     = {1--16},
    publisher = {University of Alabama Press},
    address   = {Tuscaloosa, Alabama},
}

@incollection{clarke_1991,
    author  = {Clarke, Sandra},
    year    = 1991,
    title   = {Phonological variation and recent language change in {S}t. {J}ohn's {E}nglish},
    booktitle = {English around the world: {S}ociolinguistic perspectives},
    editor    = {Cheshire, Jenny},
    pages     = {108--122},
    publisher = {Cambridge University Press},
    address   = {Cambridge},
    doi       = {doi.org/10.1017/CBO9780511611889.008},
}

@incollection{dipaolo_etal_2011,
    author    = {Di Paolo, Marianna and Yaeger-Dror, Malcah and Wassink, Alicia Beckford},
    year      = 2011,
    title     = {Analyzing Vowels},
    booktitle = {Sociophonetics: A Student's Guide},
    editor    = {Di Paolo, Marianna and Yaeger-Dror, Malcah},
    volume    = {0},
    series    = {0},
    pages     = {87--106},
    publisher = {Routledge},
    address   = {London},
    doi       = {},
}

@incollection{donofrio_etal_2017_pads,
    author    = {D'Onofrio, Annette and Eckert, Penelope and Podesva, Robert J. and Pratt, Teresa and Van Hofwege, Janneke},
    year      = 2017,
    title     = {The low vowels in {C}alifornia's {C}entral {V}alley},
    booktitle = {Speech in the {W}estern {S}tates, {V}olume 1: The {P}acific {C}oast},
    editor    = {Fridland, Valerie and Kendall, Tyler and Evans, Betsy E. and Wassink, Alicia Beckford},
    series    = {Publication of the American Dialect Society},
    number    = 101,
    pages     = {11--32},
    publisher = {Durham, NC},
    address   = {Duke University Press},
    doi       = {10.1215/00031283-3772879},
}

@incollection{esling_warkentyne_1993,
    author    = {Esling, John H. and Warkentyne, Henry J.},
    year      = 1993,
    title     = {Retracting of /{\textipa{\ae}}/ in {V}ancouver {E}nglish},
    booktitle = {Focus on {C}anada},
    editor    = {Clarke, Sandra},
    series    = {Varieties of {E}nglish Around the World},
    number    = {G11},
    pages     = {229--246},
    publisher = {John Benjamins Publishing Company},
    address   = {Amsterdam},
    doi       = {10.1075/veaw.g11.11esl},
}

@incollection{feagin_2013,
    author    = {Feagin, Crawford},
    year      = 2013,
    title     = {Entering the community},
    booktitle = {The Handbook of Language Variation and Change},
    editor    = {Chambers, J. K. and Schilling-Estes, Natalie},
    edition   = 2,
    pages     = {19--37},
    publisher = {John Wiley \& Sons},
    address   = {Malden, MA},
}

@incollection{fridland_kendall_2017_pads,
    author    = {Fridland, Valerie and Kendall, Tyler},
    year      = 2017,
    title     = {Speech in the Silver State},
    booktitle = {Speech in the {W}estern {S}tates, {V}olume 2: {T}he {M}ountain {W}est},
    editor    = {Fridland, Valerie and Wassink, Alicia Beckford and Kendall, Tyler and Evans, Besty E.},
    series    = {Publication of the American Dialect Society},
    number    = {102},
    pages     = {139--164},
    publisher = {Duke University Press},
    address   = {Durham, NC},
    doi       = {10.1215/00031283-4295222},
}

@incollection{gordon_2006,
    author    = {Gordon, Matthew J.},
    year      = 2006,
    title     = {The {W}est and {M}idwest: {P}honology},
    booktitle = {A Handbook of Varieties of {E}nglish: {A} Multimedia Reference Tool},
    editor    = {Kortmann, Bernd and Schneider, Edgar W.},
    pages     = {338--350},
    publisher = {Mouton De Gruyter},
    address   = {Berlin},
}

@incollection{hall_lew_etal_2017,
    author    = {Hall-Lew, Lauren and Eiswirth, Mirjam and Valentinsson, Mary-Caitlyn and Cotter, William},
    year      = 2017,
    title     = {Northern {A}rizona {V}owels},
    booktitle = {Speech in the {W}estern {S}tates, {V}olume 2: {T}he {M}ountain {W}est},
    editor    = {Fridland, Valerie and Wassink, Alicia Beckford and Kendall, Tyler and Evans, Besty E.},
    series    = {Publication of the American Dialect Society},
    number    = {102},
    pages     = {59--82},
    publisher = {Duke University Press},
    address   = {Durham, NC},
    doi       = {10.1215/00031283-4295288},
}

@incollection{holland_brandenburg_2017_pads,
    author    = {Holland, Cory and Brandenburg, Tara},
    year      = 2017,
    title     = {Beyond the {F}ront {R}ange: {T}he {C}oloradan Vowel Space},
    booktitle = {Speech in the {W}estern {S}tates, {V}olume 2: {T}he {M}ountain {W}est},
    editor    = {Fridland, Valerie and Wassink, Alicia Beckford and Kendall, Tyler and Evans, Besty E.},
    series    = {Publication of the American Dialect Society},
    number    = {102},
    pages     = {9--30},
    publisher = {Duke University Press},
    address   = {Durham, NC},
    doi       = {10.1215/00031283-4295277},
}

@incollection{labov_1984,
    author    = {Labov, William},
    year      = 1984,
    title     = {Field methods of the project on linguistic change and variation},
    booktitle = {Language in use: {R}eadings in sociolinguistics},
    editor    = {Baugh, John and Scherzerm, Joel},
    pages     = {28--53},
    publisher = {Prentice-Hall},
    address   = {Englewood Cliffs, NJ},
}

@incollection{labov_1991,
    author    = {Labov, William},
    year      = 1991,
    title     = {The three dialects of {E}nglish},
    booktitle = {New Ways of Analyzing Sound Change},
    editor    = {Eckert, Penelope},
    pages     = {1--44},
    publisher = {Academic Press},
    address   = {San Diego},
}

@incollection{mclarty_etal_2016,
    author    = {McLarty, Jason and Kendall, Tyler and Farrington, Charlie},
    year      = 2016,
    title     = {Investigating the development of the contemporary {O}regonian {E}nglish vowel system},
    booktitle = {Speech in the {W}estern {S}tates, {V}olume 1: The {P}acific {C}oast},
    editor    = {Fridland, Valerie and Kendall, Tyler and Evans, Betsy E. and Wassink, Alicia Beckford},
    series    = {Publication of the American Dialect Society},
    number    = 101,
    pages     = {135--157},
    publisher = {Durham, NC},
    address   = {Duke University Press},
    doi       = {10.1215/00031283-3772934},
}

@book{morrison_2013,
    author    = {Morrison, Geoffrey Stewart},
    year      = {2013},
    title     = {Theories of vowel inherent spectral change},
    booktitle = {Vowel inherent spectral change},
    editor    = {Morrison, Geoffrey Stewart and Assmann, Peter F.},
    series    = {Modern Acoustics and Signal Processing},
    location  = {Berlin},
    publisher = {Springer},
}

@book{podesva_etal_2012,
    author    = {Podesva, Robert J. and Hall-Lew, Lauren and Brenier, Jason and Starr, Rebecca and Lewis, Stacey},
    year      = {2012},
    title     = {Condoleeza {R}ice and the sociophonetic construction of identity},
    booktitle = {Style-Shifting in Public: {N}ew Perspectives on Stylistic Variation},
    editor    = {Cutillas-Espinosa, Juan Antonio and HernÃ¡ndez-Campoy, Juan Manuel},
    series    = {Studies in Language Variation},
    number    = {9},
    pages     = {67--80},
    publisher = {John Benjamins Publishing Company},
    address   = {Amsterdam/Philadelphia},
}

@incollection{villarreal_2016_pads,
    author    = {Villarreal, Dan},
    year      = 2016,
    title     = {``{D}o I sound like a {V}alley {G}irl to you?'' Perceptual Dialectology and Language Attitudes in {C}alifornia},
    booktitle = {Speech in the {W}estern {S}tates, {V}olume 1: The {P}acific {C}oast},
    editor    = {Fridland, Valerie and Kendall, Tyler and Evans, Betsy E. and Wassink, Alicia Beckford},
    series    = {Publication of the American Dialect Society},
    number    = 101,
    pages     = {55-75},
    publisher = {Durham, NC},
    address   = {Duke University Press},
    doi       = {10.1215/00031283-3772901},
}

@incollection{wassink_2016_pads,
    author    = {Wassink, Alicia Beckford},
    year      = 2016,
    title     = {The Vowels of {W}ashington {S}tate},
    booktitle = {Speech in the {W}estern {S}tates, {V}olume 1: The {P}acific {C}oast},
    editor    = {Fridland, Valerie and Kendall, Tyler and Evans, Betsy E. and Wassink, Alicia Beckford},
    series    = {Publication of the American Dialect Society},
    number    = 101,
    pages     = {77--105},
    publisher = {Durham, NC},
    address   = {Duke University Press},
    doi       = {10.1215/00031283-3772912},
}

@incollection{woods_1993,
    author    = {Woods, Howard B.},
    year      = 1993,
    title     = {A synchronic study of {E}nglish spoken in {O}ttawa: {I}s {C}anadian {E}nglish becoming more {A}merican?},
    booktitle = {Focus on {C}anada},
    editor    = {Clarke, Sandra},
    series    = {Varieties of {E}nglish Around the World},
    number    = {G11},
    pages     = {151--178},
    publisher = {John Benjamins Publishing Company},
    address   = {Amsterdam},
    doi       = {10.1075/veaw.g11.11esl},
}

% NEW SOURCE
@incollection{wright_1975,
    author    = {Wright, James},
    year      = {1975},
    title     = {Effects of Vowel Nasalization on the Perception of Vowel Height},
    booktitle = {Nasalfest: {P}apers from a Symposium on Nasals and Nasalization},
    editor    = {Ferguson, Charles A. and Hyman, Larry M. Hyman and Ohala, John J.},
    pages     = {373--387},
    publisher = {Language Universals Project},
    address   = {Stanford University},
}










% -------------------------------------------------------------
% -----------------------   THESES    -------------------------
% -------------------------------------------------------------

@thesis{bowie_2000_diss,
    author = {Bowie, David},
    title = {The Effect of Geographic Mobility on the Retention of a Local Dialect},
    date = {2000},
    type = {Dissertation},
    location = {Philadelphia},
    institution = {University of Pennsylvania},
}

@thesis{carmichael_2014_diss,
    author = {Carmichael, Katie},
    title = {``{I} never thought {I} had an accent until the hurricane``: {Sociolinguistic} Variation in Post-{Katrina} {Greater New Orleans}},
    date = {2014},
    type = {Dissertation},
    location = {Columbus, OH},
    institution = {The Ohio State University}
}

@thesis{conn_2000_diss,
	author = {Conn, Jeff},
	title = {The Story of /{\textipa{\ae}}/ in {P}ortland},
	date = {2000},
	type = {Master's Thesis},
    location = {Portland, {OR}},
	institution = {Portland State University},
}

@thesis{donofrio_2016_diss,
	author = {D'Onofrio, Annette},
	title = {Social Meaning in Linguistic Perception},
	date = {2016},
	type = {Dissertation},
    location = {Stanford, {CA}},
	institution = {Stanford University},
}

@thesis{durian_2012_diss,
	author = {Durian, David},
	title = {A New Perspective on Vowel Variation Across the 19th and 20th Centuries in {C}olumbus, {OH}},
	date = {2012},
	type = {Dissertation},
    location = {Columbus, {OH}},
	institution = {The Ohio State University},
}

% NEW SOURCE
@thesis{evanini_2009_diss,
	author = {Evanini, Keelan},
	title = {The Permeability of Dialect Boundaries: {A} Case Study of the Region Surrounding {Erie, Pennsylvania}},
	date = {2009},
	type = {Dissertation},
    location = {Philadelphia, {PA}},
	institution = {University of Pennsylvania},
}


@thesis{geenberg_2014_diss,
	author = {Geenberg, Katherine},
	title = {The other {C}alifornia: {M}arginalization and sociolinguistic variation in {T}rinity {C}ounty},
	date = {2014},
	type = {Dissertation},
    location = {Stanford, {CA}},
	institution = {Stanford University},
}

@thesis{hall_lew_2009_diss,
	author = {Hall-Lew, Lauren},
	title = {Ethnicity and Phonetic Variation in a {S}an {F}rancisco Neighborhood},
	date = {2009},
	type = {Dissertation},
    location = {Stanford, {CA}},
	institution = {Stanford University},
}

@thesis{herold_1990_diss,
    author = {Herold, Ruth},
    title  = {Mechanisms of merger: {T}he implementation and distribution of the low back merger in eastern {P}ennsylvania},
    date = {1990},
    type = {Dissertation},
    location = {Philadelphia, {PA}},
    institution = {University of Pennsylvania},
}

@thesis{holland_2014_diss,
	author = {Holland, Cory},
	title = {Shifting or {S}hifted? {T}he state of {C}alifornia {V}owels},
	date = {2014},
	type = {Dissertation},
    location = {Davis, {CA}},
	institution = {University of California, Davis},
}

@thesis{lawrance_2002_thesis,
	author = {Lawrance, Erika},
	title = {A shift in focus: {A} new, geolinguistic perspective on the {C}anadian Shift (and old questions revisited)},
	date = {2002},
	type = {Master's Thesis},
	%location = {City, {STATE}},
	institution = {McGill University},
}

@thesis{lillie_1998_thesis,
    author = {Lillie, Diane DeFord},
    title = {The Utah dialect survey},
    date = {1998},
    type = {Master's Thesis},
    location = {Provo, {UT}},
    institution = {Brigham Young University}
}

@thesis{moonwomon_1991_diss,
	author = {Moonwomon, Birch},
	title = {Sound change in {S}an {F}rancisco {E}nglish},
	date = {1991},
	type = {Dissertation},
    location = {Berkeley, {CA}},
	institution = {University of California, Berkeley},
}

@thesis{nearey_1978_diss,
	author = {Nearey, Terrance Michael},
	title = {Phonetic feature systems for vowels},
	date = {1978},
	type = {Dissertation},
    location = {Edmonton, {AB}},
	institution = {University of Alberta},
}

@thesis{pratt_2018_diss,
    author = {Pratt, Teresa},
    title  = {Affective Sociolinguistic Style: {A}n Ethnography of Embodied Linguistic Variation in an Arts High School},
    date   = {2018},
    type   = {Dissertation},
    location = {Stanford, {CA}},
    institution = {Stanford University}
}

@thesis{riebold_2015_diss,
	author = {Riebold, John Matthew},
	title = {The Social distribution of a regional change: /{\textipa{\ae}}g, {\textipa{E}}g, {\textipa{e}}g/ in {W}ashington {S}tate},
	date = {2015},
	type = {Dissertation},
    location = {Seattle, {WA}},
	institution = {University of Washington},
}

@thesis{swan_2016_diss,
	author = {Swan, Julia Thomas},
	title = {Language Ideologies, Border Effects, and Dialectal Variation: {E}vidence from /{\textipa{\ae}}/, /{\textipa{aU}}/, and /{\textipa{aI}}/ in {S}eattle, {WA} and {V}ancouver, {B.C.}},
	date = {2016},
	type = {Dissertation},
    location = {Chicago, {IL}},
	institution = {University of Chicago},
}

@thesis{vanhofwegen_2017_diss,
	author = {Van Hofwegen, Janneke},
	title = {The Systemeticity of Style: {I}nvestigating the Full Range of Variation in Everyday Speech},
	date = {2017},
	type = {Dissertation},
  location = {Stanford, {CA}},
	institution = {Stanford University},
}

@thesis{villarreal_2016_diss,
	author = {Villarreal, Dan},
	title = {The Construction of Social Meaning: {A} Matched-Guise Investigation of the {C}alifornia {V}owel {S}hift},
	date = {2016},
	type = {Dissertation},
    location = {Davis, {CA}},
	institution = {University of California, Davis},
}

@thesis{ward_2003_diss,
	author = {Ward, Michael},
	title = {Portland diaect study: {T}he fronting of /ow, u, uw/ in {P}ortland, {O}regon},
	date = {2003},
	type = {Dissertation},
    location = {Portland, {OR}},
	institution = {Portland State University},
}









% -------------------------------------------------------------
% ----------------------   ARTICLES    ------------------------
% -------------------------------------------------------------

@article{adams_1958,
    author  = {Adams, John F.},
    year    = {1958},
    title   = {Ranching Terms from {E}astern {W}ashington},
    journal = {American Speech},
    volume  = {33},
    number  = {4},
    pages   = {266-273},
    doi     = {10.2307/453866}
}

@article{adank_etal_2004,
    author  = {Adank, Patti and Smits, Roel and Van Hout, Roeland},
    year    = 2004,
    title   = {A comparison of vowel normalization procedures for language variation research},
    journal = {The Journal of the Acoustical Society of America},
    volume  = 116,
    number  = 5,
    pages   = {3099--3107},
    doi     = {10.1121/1.1795335},
}

@article{allen_1977,
    author  = {Allen, Harold B.},
    year    = 1977,
    title   = {Regional Dialects, 1945--1974},
    journal = {American Speech},
    volume  = 52,
    number  = {3/4},
    pages   = {163--261},
    doi     = {10.2307/455241},
}

@article{baayen_etal_2016,
    author  = {Baayen, R. Harald and van Rij, Jacolien and de Cat, Cecile and Wood, Simon N.},
    year    = 2016,
    title   = {Autocorrelated errors in experimental data in the language sciences: {S}ome solutions offered by {G}eneralized {A}dditive {M}ixed {M}odels},
    url     = {http://arxiv.org/abs/1601.02043},
}

@article{babbitt_1944,
    author  = {Babbitt, Hal},
    year    = {1944},
    title   = {Shipyard Terms of the {N}orthwest, 1944 Style},
    journal = {American Speech},
    volume  = {19},
    number  = {3},
    pages   = {230--232},
    doi     = {10.2307/487303}
}


@article{barreda_nearey_2018,
    author  = {Barreda, Santiago and Nearey, Terrance M.},
    year    = {2018},
    title   = {A Regression Approach to Vowel Normalization for Missing and Unbalanced Data},
    journal = {The Journal of the Acoustical Society of America},
    volume  = {144},
    number  = {1},
    pages   = {500--520},
    doi     = {10.1121/1.5047742}
}


@article{bates_etal_2015_lme4,
    author  = {Bates, Douglas and Maechler, Martin and Bolker, Ben and Walker, Steve},
    year    = 2015,
    title   = {Fitting Linear Mixed-Effects Models Using lme4},
    journal = {Journal of Statistical Software},
    volume  = 67,
    number  = 1,
    pages   = {1--48},
    doi     = {10.18637/jss.v067.i01},
}

@article{batie_1934,
    author = {Batie, Russell V.},
    year   = {1934},
    title  = {Railroad Lingo},
    journal = {American Speech},
    volume  = {9},
    number  = {1},
    pages   = {73--74},
    doi    = {10.2307/451998}
}

@article{bigham_2010,
    author  = {Bigham, Douglas},
    year    = 2010,
    title   = {Correlation of the Low-Back Vowel Merger and {TRAP}-Retraction},
    journal = {University of Pennsylvania Working Papers in Linguistics},
    volume  = 15,
    number  = 2,
    note    = {Available at https://repository.upenn.edu/pwpl/vol15/iss2/4}
}


@article{boberg_1999,
    author  = {Boberg, Charles},
    year    = 1999,
    title   = {The attitudinal component of variation in {A}merican {E}ngish foreign {(a)} nativization},
    journal = {Journal of Language and Social Psychology},
    volume  = 18,
    number  = 1,
    pages   = {49--61},
    doi     = {10.1177/0261927X99018001004},
}

@article{boberg_2005,
    author  = {Boberg, Charles},
    year    = 2005,
    title   = {The {C}anadian shift in {M}ontreal},
    journal = {Language Variation and Change},
    volume  = 17,
    number  = 2,
    pages   = {133--154},
    doi     = {10.1017/S0954394505050064},
}

@article{boberg_2008,
    author  = {Boberg, Charles},
    year    = 2008,
    title   = {Regional phonetic differentiation in standard {C}anadian {E}nglish},
    journal = {Journal of English Linguistics},
    volume  = 36,
    number  = 2,
    pages   = {129â€“154},
    doi     = {10.1177/0075424208316648},
}

@article{boberg_2011,
    author  = {Boberg, Charles},
    year    = 2011,
    title   = {Reshaping the Vowel System: {A}n Index of Phonetic Innovation in {C}anadian {E}nglish},
    journal = {University of Pennsylvania Working Papers in Linguistics},
    volume  = 17,
    number  = 2,
    note    = {Available at: https://repository.upenn.edu/pwpl/vol17/iss2/4},
}

@article{boberg_2019,
    author  = {Boberg, Charles},
    year    = 2019,
    title   = {A Closer Look at the {S}hort {F}ront {V}owel {S}hift in {C}anada},
    journal = {Journal of English Linguistics},
    pages   = {1--29},
    doi     = {10.1177/0075424219831353},
}

@article{bucholtz_etal_2007,
    author  = {Bucholtz, Mary and Bermudez, Nancy and Fung, Victor and Edwards, Lisa and Vargas, Rosalva},
    year    = 2007,
    title   = {Hella {N}or {C}al or totally {S}o {C}al? {T}he perceptual dialectology of {C}alifornia},
    journal = {Journal of English Linguistics},
    volume  = 35,
    number  = 4,
    pages   = {325â€“352},
    doi     = {doi:10.1177/0075424207307780},
}

@article{bucholtz_etal_2008,
    author  = {Bucholtz, Mary and Bermudez, Nancy and Fung, Victor and Vargas, Rosalva and Edwards, Lisa},
    year    = 2008,
    title   = {The Normative {N}orth and the Stigmatized {S}outh: {I}deology and Methodology in the Perceptual Dialectology of {C}alifornia},
    journal = {Journal of English Linguistics},
    volume  = 36,
    number  = 1,
    pages   = {62--87},
    doi     = {10.1177/0075424207311721},
}

@article{campbellkibler_2011,
    author  = {Campbell-Kibler, Kathryn},
    year    = 2011,
    title   = {Intersecting Variables and Perceived Sexual Orientation in Men},
    journal = {American Speech},
    volume  = 86,
    number  = 1,
    pages   = {52--68},
    doi     = {10.1215/00031283-1277510},
}

@article{carmichael_2017,
    author  = {Carmichael, Katie},
    year    = 2017,
    title   = {Displacement and Local Linguistic Practices: {R}-Lessness in Post-{K}atrina {G}reater {N}ew {O}rleans},
    journal = {Journal of Sociolinguistics},
    volume  = 21,
    number  = 5,
    pages   = {696--719},
    doi     = {10.1111/josl.12253},
}

@article{carranco_1956,
    author  = {Carranco, Lynwood},
    year    = {1956},
    title   = {Logger Lingo in the Redwood Region},
    journal = {American Speech},
    volume  = {31},
    number  = {2},
    pages   = {149--152},
    doi     = {10.2307/453452}
}

@article{carranco_1962,
    author  = {Carranco, Lynwood},
    year    = {1962},
    title   = {Logging Railroad Language in the {R}edwood Country},
    journal = {American Speech},
    volume  = {37},
    number  = {2},
    pages   = {130--136},
    doi     = {10.2307/453149}
}

@article{clarke_etal_1995,
    author  = {Clarke, Sandra and Elms, Ford and Youssef, Amani},
    year    = 1995,
    title   = {The third dialect of {E}nglish: {S}ome {C}anadian evidence},
    journal = {Language Variation and Change},
    volume  = 7,
    number  = 2,
    pages   = {209-228},
    doi     = {10.1017/S0954394500000995},
}

@article{clough_1936,
    author  = {Clough, Wilson O.},
    year    = 1936,
    title   = {Note on Dialect in the {U}inta {M}ountains of {W}yoming},
    journal = {American Speech},
    volume  = 12,
    number  = 3,
    pages   = {190--192},
    doi     = {10.2307/451721},
}

@article{clough_1954,
    author  = {Clough, Wilson O.},
    year    = 1954,
    title   = {Some {W}yoming Speech Patterns},
    journal = {American Speech},
    volume  = 29,
    number  = 1,
    pages   = {28--35},
    doi     = {10.2307/453593},
}

@article{cottrell_montgomery_1943,
    author  = {Cottrell, W. F. and Montgomery, H. C.},
    year    = {1943},
    title   = {A Glossary of Railroad Terms},
    journal = {American Speech},
    volume  = {18},
    number  = {3},
    pages   = {161--170},
    doi     = {10.2307/487459}
}

@article{cox_1958,
    author  = {Cox, D R},
    year    = 1958,
    title   = {The Regression Analysis of Binary Sequences},
    journal = {Journal of the Royal Statistical Society. Series B (Methodological)},
    volume  = 20,
    pages   = {2},
    doi     = {215--242},
}

@article{darcy_2005,
    author  = {D'Arcy, Alex},
    year    = 2005,
    title   = {The development of linguistic constraints: {P}honological innovations in {S}t. {J}ohn's {E}nglish},
    journal = {Language Variation and Change},
    volume  = 17,
    number  = 3,
    pages   = {327--355},
    doi     = {10.1017/S0954394505050131},
}

@article{davidson_1929,
    author  = {Davidson, Levette J.},
    year    = 1929,
    title   = {Mining Expressions Used in {C}olorado},
    journal = {American Speech},
    volume  = 5,
    number  = 2,
    pages   = {144--147},
    doi     = {10.2307/451767},
}

@article{davidson_koehler_1932,
    author  = {Davidson, Levette J. and Koehler, Olga Hazel},
    year    = 1932,
    title   = {The Naming of {C}olorado's Towns and Cities},
    journal = {American Speech},
    volume  = 7,
    number  = 3,
    pages   = {180--187},
    doi     = {10.2307/451648},
}

@article{davis_1942,
    author  = {Davis, Elrick B.},
    year    = {1942},
    title   = {Paul {B}unyan Talk},
    journal = {American Speech},
    volume  = {17},
    number  = {4},
    pages   = {217--25},
    doi     = {10.2307/487186}
}

@article{davis_1950,
    author  = {Davis, Wilbur A.},
	title   = {Logger and Splinter-Picker Talk},
	year    = {1950},
	journal = {Western Folklore},
	volume  = {9},
	number  = {2},
	pages   = {111--123},
	doi     = {10.2307/1496544},
}

@article{dedecker_nycz_2012,
    author  = {De Decker, Paul M. and Nycz, Jennifer R.},
    year    = 2012,
    title   = {Are tense [\ae]s really tense? {T}he mapping between articulation and acoustics},
    journal = {Lingua},
    volume  = 122,
    number  = 7,
    pages   = {810--821},
    doi     = {10.1016/j.lingua.2012.01.003}
}

@article{dedecker_mackenzie_2000,
    author  = {De Decker, Paul and Mackenzie, Sara},
    year    = 2000,
    title   = {Slept through the ice: {A} further look at lax vowel lowering in {C}anadian {E}nglish},
    journal = {Toronto Working Papers in Linguistics},
    volume  = 18,
    notes   = {https://twpl.library.utoronto.ca/index.php/twpl/article/download/6246}
}

@article{dinkin_2016,
    author = {Dinkin, Aaron},
    year   = {2016},
    title  = {Phonological transfer as a forerunner of merger in {U}pstate {N}ew {Y}ork},
    journal = {Journal of English Linguistics},
    volume = 44,
    number = 2,
    pages = {162--188},
    doi = {10.1177/0075424216634795}
}

@article{dipaolo_faber_1990,
    author  = {Di Paolo, Marianna and Faber, Alice},
    year    = 1990,
    title   = {Phonation differences and the phonetic content of the tense-lax contrast in {U}tah {E}nglish},
    journal = {Language Variation and Change},
    volume  = 2,
    number  = 2,
    pages   = {155--204},
    doi     = {10.1017/S0954394500000326},
}

@article{dipaolo_1992,
    author = {Di Paolo, Marianna},
    year   = 1992,
    title  = {Hypercorrection in response to the apparent merger of {(\textipa{O})} and {(\textipa{A})} in {U}tah {E}nglish},
    journal = {Language \& Communication},
    volume = 12,
    number = {3/4},
    pages = {267--292}
}

@article{donofrio_2018,
    author = {D'Onofrio, Annette},
    year   = 2018,
    title  = {Personae and phonetic detail in sociolinguistic signs},
    journal = {Language in Society},
    volume = 47,
    number = 4,
    pages  = {513--539},
    doi    = {10.1017/S0047404518000581}
}

% NEW SOURCE
@article{donofrio_etal_2019,
    author = {D'Onofrio, Annette and Pratt, Teresa and Van Hofwegen, Janneke},
    year   = 2019,
    title  = {Compression in the {California Vowel Shift}: {T}racking Generational Sound Change in {California}'s {Central Valley}},
    journal = {Language Variation and Change},
    volume = 31,
    number = 2,
    pages  = {193--217},
    doi    = {10.1017/S0954394519000085}
}

% NEW SOURCE
@article{drager_hay_2012,
    author = {Drager, Katie and Hay, Jennifer},
    year   = 2012,
    title  = {Exploiting Random Intercepts: Two Case Studies in Sociophonetics},
    journal = {Language Variation and Change},
    volume = 24,
    number = 1,
    pages  = {59--78},
    doi    = {10.1017/S0954394512000014}
}

@article{eckert_2008,
    author  = {Eckert, Penelope},
    year    = 2008,
    title   = {Where do ethnolects stop?},
    journal = {International Journal of Bilingualism},
    volume  = 12,
    number  = {1--2},
    pages   = {25--42},
    doi     = {10.1177/13670069080120010301},
}

@article{eckert_2008_indexicalFields,
    author  = {Eckert, Penelope},
    year    = 2008,
    title   = {Variation and the indexical field},
    journal = {Journal of Sociolinguistics},
    volume  = 12,
    number  = {4},
    pages   = {453--476},
    doi     = {10.1111/j.1467-9841.2008.00374.x},
}

@article{eckert_2011,
    author  = {Eckert, Penelope},
    year    = 2011,
    title   = {Language and Power in the Preadolescent Heterosexual Market},
    journal = {American Speech},
    volume  = 86,
    number  = {1},
    pages   = {86--97},
    doi     = {10.1215/00031283-1277528},
}

% NEW SOURCE
@article{eckert_2012,
    author  = {Eckert, Penelope},
    year    = 2012,
    title   = {Three Waves of Variation Study: The Emergence of Meaning in the Study of Sociolinguistic Variation},
    journal = {Annual Review of Anthropology},
    volume  = 41,
    pages   = {87--100},
    doi     = {10.1146/annurev-anthro-092611-145828},
}


@article{eckert_labov_2017,
    author  = {Eckert, Penelope and Labov, Willam},
    year    = 2017,
    title   = {Phonetics, phonology and social meaning},
    journal = {Journal of Sociolinguistics},
    volume  = 21,
    number  = {4},
    pages   = {467--496},
    doi     = {10.1111/josl.12244},
}

@article{evans_2011,
    author  = {Evans, Betsy},
    year    = 2011,
    title   = {``{Seattletonian}'' to ``{Faux Hick}'': {P}erceptions of {E}nglish in {W}ashington {S}tate},
    journal = {American Speech},
    volume  = 86,
    number  = {4},
    pages   = {383--414},
    doi     = {10.1215/00031283-1587232},
}

@article{evans_2013,
    author  = {Evans, Betsy},
    year    = 2013,
    title   = {``{Everyone} Sounds the Same'': {O}therwise Overlooked Ideology in Perceptual Dialectology},
    journal = {American Speech},
    volume  = 88,
    number  = {1},
    pages   = {63--80},
    doi     = {10.1215/00031283-2322637},
}

@article{farrington_etal_2018,
    author  = {Farrington, Charlie and Kendall, Tyler and Fridland, Valerie},
    year    = 2018,
    title   = {Vowel Dynamics in the {S}outhern {V}owel {S}hift},
    journal = {American Speech},
    volume  = 93,
    number  = 2,
    pages   = {186--222},
    doi     = {10.1215/00031283-6926157},
}

@article{finder_1965,
    author  = {Finder, Morris},
    year    = {1965},
    title   = {`{Totalled}' in {N}orthwest {E}nglish},
    journal = {American Speech},
    volume  = {40},
    number  = {2},
    pages   = {158--159}
}

@article{foster_hoffman_1966,
    author  = {Foster, David William and Hoffman, Robert J.},
    year    = {1966},
    title   = {Some Observations on the Vowels of {P}acific {N}orthwest {E}nglish ({S}eattle Area)},
    journal = {American Speech},
    volume  = {41},
    number  = {2},
    pages   = {119--122},
    doi     = {10.2307/453130}
}

@article{fox_jacewicz_2009,
    author  = {Fox, Robert Allen and Jacewicz, Ewa},
    year    = 2009,
    title   = {Cross-dialectal variation in formant dynamics of {A}merican {E}nglish vowels},
    journal = {The Journal of the Acoustical Society of America},
    volume  = 125,
    number  = 5,
    pages   = {2603--2618},
    doi     = {10.1121/1.3212921},
}

@article{freeman_2014,
    author  = {Freeman, Valerie},
    year    = 2014,
    title   = {Bag, beg, bagel: {P}revelar raising and merger in {P}acific {N}orthwest {E}nglish},
    journal = {University of Washington Working Papers in Linguistics},
    volume  = 32,
}

@article{fruehwald_2017,
    author  = {Fruehwald, Josef},
    year    = 2017,
    title   = {Generations, lifespans, and the zeitgeist},
    journal = {Language Variation and Change},
    volume  = 29,
    number  = 1,
    pages   = {1--27},
    doi     = {10.1017/S0954394517000060},
}

@article{gahl_baayen_2019,
    author  = {Gahl, Susanne and Baayen, Harald},
    year    = 2019,
    title   = {Twenty-eight years of vowels: {T}racking phonetic variation through young to middle age adulthood},
    journal = {Journal of Phonetics},
    volume  = {74},
    pages   = {42--54},
    doi     = {10.1016/j.wocn.2019.02.001}
}

@article{gorman_etal_2011_prosodylab,
    author  = {Gorman, Kyle and Howell, Jonathan and Wagner, Michael},
    year    = 2011,
    title   = {Prosodylab-{A}ligner: {A} Tool for Forced Alignment of Laboratory Speech},
    journal = {Canadian Acoustics},
    volume  = 39,
    number  = 3,
    pages   = {192--193},
}

@article{grant_1942,
    author  = {Grant, Rena V.},
    year    = 1942,
    title   = {The localized vocabulary of {C}alifornia verse},
    journal = {California Folklore Quarterly},
    volume  = 1,
    number  = 3,
    pages   = {153--290},
    doi     = {10.2307/1495744},
}


@article{hagiwara_2006,
    author  = {Hagiwara, Robert},
    year    = 2006,
    title   = {Vowel Production in {W}innipeg},
    journal = {Canadian Journal of Linguistics/Revue canadienne de linguistique},
    volume  = 51,
    number  = {2--3},
    pages   = {127--141},
    doi     = {10.1017/S0008413100004023},
}

@article{hagiwara_2005,
    author = {Hagiwara, Robert},
    year   = {2005},
    title  = {Monophthongs and formant movement in North American English},
    journal = {Journal of the Acoustical Society of America},
    % this is actually just a poster
    volume = 118,
    pages  = {2037},
    doi    = {10.1121/1.4785823}
}

@article{hall_2000,
    author  = {Hall, Erin},
    year    = 2000,
    title   = {Regional variation in {C}anadian {E}nglish vowel backing},
    journal = {Toronto Working Papers in Linguistics},
    volume  = 18
}

@article{hall_lew_2013,
    author = {Hall-Lew, Lauren},
    year   = 2013,
    title  = {'{Flip}-flop' and mergers-in-progress},
    journal = {English Language and Linguistics},
    volume = 17,
    number = 2,
    pages  = {359--390},
    doi    = {10.1017/S1360671343000063}
}

@article{hall_lew_etal_2015,
    author  = {Hall-Lew, Lauren and Cardoso, Amanda and Kemenchedjieva, Yova and Wilson, Kieran and Purse, Ruaridh and Saigusa, Julie},
    year    = 2015,
    title   = {San {F}rancisco {E}nglish and the {C}alifornia {V}owel {S}hift},
    journal = {The Scottish Consortium for ICPhs 2015: Proceedings of the 18th International Congress of Phonetic Sciences},
    location = {Glasgow},
    publisher = {University of Glasgow},
    pages   = {17--21},
}

@article{hamilton_1932,
    author  = {Hamilton, Marian},
    year    = 1932,
    title   = {California {G}old-{R}ush {E}nglish},
    journal = {American Speech},
    volume  = 7,
    number  = 6,
    pages   = {423--433},
    doi     = {10.2307/452295},
}

@article{hanley_1961,
    author  = {Hanley, Roberta},
    year    = {1961},
    title   = {Truck Drivers' Language in the {N}orthwest},
    journal = {American Speech},
    volume  = {36},
    numer   = {4},
    pages   = {271--274},
    doi     = {10.2307/453800},
}

@article{harrington_etal_2011,
    author  = {Harrington, Jonathan and Hoole, Phil and Kleber, Felicitas and Reubold, Ulrich},
    year    = 2011,
    title   = {The physiological, acoustic, and perceptual basis of high back vowel fronting: {E}vidence from {G}erman tense and lax vowels},
    journal = {Journal of Phonetics},
    volume  = 39,
    number  = 2,
    pages   = {121--131},
    doi     = {10.1016/j.wocn.2010.12.006},
}

@article{harvey_1914_part1,
    author  = {Harvey, Bartle T.},
    year    = {1914},
    title   = {A Word-List from the {N}orthwest},
    journal = {Dialect Notes},
    volume  = 4,
    number  = 1,
    pages   = {26--28},
}

@article{harvey_1914_part2,
    author  = {Harvey, Bartle T.},
    year    = {1914},
    title   = {Addenda to the Word-List from the {N}orthwest},
    journal = {Dialect Notes},
    volume  = 4,
    number  = 2,
    pages   = {162--164},
}

@article{hausen_1931,
    author  = {Hausen, T. Josephine},
    year    = 1931,
    title   = {Wallowa {C}ounty, {O}regon, {E}xpressions},
    journal = {American Speech},
    volume  = 6,
    number  = 3,
    pages   = {229--230},
    doi     = {10.2307/452177},
}

@article{hickey_2018,
    author  = {Hickey, Raymond},
    year    = 2018,
    title   = {'{Yes}, thatâ€™s the best': {Short} front vowel lowering in {E}nglish today: {Y}oung people across the anglophone world are changing their pronunciation of vowels according to a change which started in {N}orth {A}merica},
    journal = {English Today},
    volume  = 34,
    number  = 2,
    pages   = {9--16},
    doi     = {10.1017/S0266078417000487},
}

@article{hines_1969,
    author  = {Hines, Donald M.},
    year    = {1969},
    title   = {Painter Jargon of the {P}acific {N}orthwest},
    journal = {American Speech},
    volume  = {44},
    number  = {1},
    pages   = {5--32},
    doi     = {10.2307/454737}
}

@article{hinton_etal_1987,
    author  = {Hinton, Leanne and Moonwomon, Birch and Bremner, Sue and Luthin, Herb and Van Clay, Mary and Lerner, Jean and Corcoran, Hazel},
    year    = 1987,
    title   = {Itâ€™s not just the {V}alley {G}irls: {A} study of {C}alifornia {E}nglish},
    journal = {Proceedings of the Thirteenth Annual Meeting of the {B}erkeley {L}inguistics {S}ociety},
    volume  = 13,
    pages   = {117--128},
    doi     = {0},
}

@article{hoffman_2010,
    author  = {Hoffman, Michol F.},
    year    = 2010,
    title   = {The role of social factors in the {C}anadian {V}owel {S}hift: {E}vidence from {T}oronto},
    journal = {American Speech},
    volume  = 85,
    number  = 2,
    pages   = {121--140},
    doi     = {10.1215/00031283-2010-007},
}

@article{hollett_2006,
    author  = {Hollett, Pauline},
    year    = 2006,
    title   = {Investigating {S}t. {J}ohn's {E}nglish: {R}eal- and {A}pparent-time {P}erspectives},
    journal = {Canadian Journal of Linguistics/Revue canadienne de linguistique},
    volume  = 51,
    number  = {2--3},
    pages   = {143--160},
    doi     = {10.1017/S0008413100004035},
}

@article{irons_2007,
    author  = {Irons, Terry Lynn},
    year    = 2007,
    title   = {On the Status of Low Back Vowels in {K}entucky {E}nglish: {M}ore Evidence of Merger},
    journal = {Language Variation and Change},
    volume  = 19,
    number  = {2},
    pages   = {137--180},
    doi     = {10.1017/S0954394507070056},
}

@article{jacewicz_etal_2006,
    author  = {Jacewicz, Ewa and Fox, Fobert Allen and Salmons, Joseph},
    year    = 2006,
    title   = {Prosodic prominence effects on vowels in chain shifts},
    journal = {Language Variation and Change},
    volume  = 18,
    number  = 3,
    pages   = {285--316},
    doi     = {10.1017/S0954394506060145},
}

@article{janoff_2018,
    author  = {Janoff, Arianna},
    year    = 2018,
    title   = {The {C}alifornia {V}owel {S}hift in {S}anta {B}arbara},
    journal = {Proceedings of the 4th Annual Linguistics Conference at UGA},
    location = {Athens, GA},
    publisher = {The Linguistic Society at UGA},
    pages   = {30--49},
    url     = {http://hdl.handle.net/10724/37967}
}

@article{jensen_1931,
    author  = {Jensen, Paul},
    year    = 1931,
    title   = {Desert Rats' Word-List from {E}astern {I}daho},
    journal = {American Speech},
    volume  = 7,
    number  = 2,
    pages   = {119--123},
    doi     = {10.2307/451559},
}

@article{johnson_2009,
    author  = {Johnson, Daniel Ezra},
    year    = 2009,
    title   = {Getting off the {G}old{V}arb standard: {I}ntroducing {R}brul for mixed-effects variable rule analysis},
    journal = {Language and Linguistics Compass},
    volume  = 3,
    number  = 1,
    pages   = {359--383},
    doi     = {10.1111/j.1749-818X.2008.00108.x},
}

@article{johnstone_etal_2002,
    author  = {Johnstone, Barbara and Bhasin, Neeta and Wittkofski, Denise},
    year    = 2002,
    title   = {``{Dahntahn}'' {Pittsburgh}: {Monophthongal} /aw/ and Representations of Localness in {Southwestern Pennsylvania}},
    journal = {American Speech},
    volume  = 77,
    number  = 2,
    pages   = {148--166},
    doi     = {10.1215/00031283-77-2-148}
}

@article{kendall_vaughn_2015,
    author  = {Kendall, Tyler and Vaughn, Charlotte},
    year    = 2015,
    title   = {Measurement variability in vowel formant estimation: {A} simulation experiment},
    journal = {ICPhS},
}

@article{kennedy_grama_2012,
    author  = {Kennedy, Robert and Grama, James},
    year    = 2012,
    title   = {Chain Shifting and Centralization in {C}alifornia Vowels: {A}n Acoustic Analysis},
    journal = {American Speech},
    volume  = 87,
    number  = 1,
    pages   = {39--56},
    doi     = {10.1215/00031283-1599950},
}

@article{kettig_2014,
    author  = {Kettig, Thomas},
    year    = 2014,
    title   = {The {C}anadian {S}hift: {I}ts Acoustic Trajectory and Consequences for Vowel Categorization},
    journal = {LSA Annual Meeting Extended Abstracts},
    volume  = 5,
    number  = 14,
    pages   = {1--5},
    doi     = {10.3765/exabs.v0i0.2386},
}

@article{kirtley_etal_2016,
    author  = {Kirtley, M. Joelle and Grama, James and Drager, Katie and Simpson, Sean},
    year    = 2016,
    title   = {An acoustic analysis of the vowels of {H}awai'i {E}nglish},
    journal = {Journal of the International Phonetic Association},
    volume  = 46,
    number  = 1,
    pages   = {79--97},
    doi     = {10.1017/S0025100315000456},
}

@article{koops_2014,
    author  = {Koops, Christian},
    year    = 2014,
    title   = {Iconization and the timing of southern vowels: {A} case study of /\ae/},
    journal = {University of Pennsylvania Working Papers in Linguistics},
    volume  = 20,
    number  = 2,
    note    = {Available at https://repository.upenn.edu/pwpl/vol20/iss2/10}
}

@article{kosling_etal_2013,
    author  = {K{\"o}sling, Kristina and Kunter, Gero and Baayen, Harald and Plag, Ingo},
    year    = 2013,
    title   = {Prominence in Triconstituent Compounds: {P}itch Contours and Linguistic Theory},
    journal = {Language and Speech},
    volume  = 56,
    number  = 4,
    pages   = {529--554},
    doi     = {10.1177/0023830913478914},
}

@article{labov_1963,
    author  = {Labov, William},
    year    = 1963,
    title   = {The social motivation of a sound change},
    journal = {WORD: Journal of the International Linguistic Association},
    volume  = 19,
    number  = 3,
    pages   = {273--309},
    doi     = {10.1080/00437956.1963.11659799},
}

@article{labov_etal_2013,
    author  = {Labov, William and Rosenfelder, Infrid and Fruehwald, Josef},
    year    = 2013,
    title   = {One hundred years of sound change in {P}hiladelphia: {L}inear incrementation, reversal, and reanalysis},
    journal = {Language},
    volume  = 89,
    number  = 1,
    pages   = {39--65},
    doi     = {10.1353/lan.2013.0015},
}

@article{lehman_1921,
    author  = {Lehman, B. H.},
    year    = 1921,
    title   = {A word list from {C}alifornia},
    journal = {Dialect Notes},
    volume  = 5,
    number  = 4,
    pages   = {109--114},
}

@article{lindsay_1933,
    author  = {Lindsay, Dorothy N.},
    year    = 1933,
    title   = {The Language of the ``{S}aints''},
    journal = {American Speech},
    volume  = 8,
    number  = 2,
    pages   = {30-33},
    doi     = {10.2307/3181857},
}

@article{lisker_1986,
    author  = {Lisker, Leigh},
    year    = 1986,
    title   = {``{V}oicing'' in {E}nglish: {A} Catalogue of Acoustic Features Signaling /b/ versus /p/ in Trochees},
    journal = {Language and Speech},
    volume  = 29,
    number  = 1,
    pages   = {3--11},
}

@article{lobanov_1971,
    author  = {Lobanov, Boris M.},
    year    = 1971,
    title   = {Classification of {R}ussian vowels spoken by different speakers},
    journal = {The Journal of the Acoustical Society of America},
    volume  = 49,
    number  = "2B",
    pages   = {606--608},
    doi     = {},
}



@article{mahalanobis_1936,
    author  = {Mahalanobis, Prasanta Chandra},
    year    = 1936,
    title   = {On the generalized distance in statistics},
    journal = {Proceedings of the National Institute of Sciences of India},
    volume  = 2,
    number  = 1,
    pages   = {49--55},
}

@article{macauliffe_etal_2017_MFA,
    author  = {McAuliffe, Michael and Socolof, Machaela and Mihuc, Sarah and Wagner, Michael and Sonderegger, Morgan},
    year    = 2017,
    title   = {Montreal {F}orced {A}ligner: {T}rainable text-speech alignment using {K}aldi},
    journal = {Proceedings of the 18th Conference of the International Speech Communication Association},
}

@article{majors_2005,
    author  = {Majors, Tivoli},
    year    = 2005,
    title   = {Low Back Vowel Merger in {M}issouri Speech: {A}coustic Description and Explanation},
    journal = {American Speech},
    volume  = 80,
    number  = 2,
    pages   = {165--179},
    doi     = {10.1215/00031283-80-2-165},
}

@article{metcalf_1972,
    author  = {Metcalf, Allan A.},
    year    = 1972,
    title   = {Directions of Change in {S}outhern {C}alifornia {E}nglish},
    journal = {Journal of English Linguistics},
    volume  = 6,
    number  = 1,
    pages   = {28--33},
    doi     = {10.1177/007542427200600104},
}

@article{mielke_etal_2017,
    author  = {Mielke, Jeff and Carignan, Christopher and Thomas, Erik R.},
    year    = 2017,
    title   = {The articulatory dynamics of pre-velar and pre-nasal /\ae/-raising in {E}nglish: {A}n ultrasound study},
    journal = {The Journal of the Acoustical Society of America},
    volume  = 142,
    number  = 1,
    pages   = {332--349},
    doi     = {10.1121/1.4991348},
}

@article{moore_1926,
    author  = {Moore, Helen L.},
    year    = 1926,
    title   = {The Lingo of the Mining Camp},
    journal = {American Speech},
    volume  = 2,
    number  = 2,
    pages   = {86--88},
    doi     = {10.2307/451153},
}

@article{mufwene_1996,
    author  = {Mufwene, Salikoko S.},
    year    = {1996},
    title   = {The {F}ounder {P}rinciple in Creole Genesis},
    journal = {Diachronica},
    volume  = 13,
    number  = 1,
    pages   = {83--134},
    doi     = {10.1075/dia.13.1.05muf},
}

@article{nearey_assman_1986,
    author  = {Nearey, Terrance M. and Assmann, Peter F.},
    year    = 1986,
    title   = {Modeling the role of inherent spectral change in vowel identification},
    journal = {The Journal of the Acoustical Society of America},
    volume  = 80,
    number  = 5,
    pages   = {1297--1308},
    doi     = {10.1121/1.394433},
}

@article{pearce_1958,
    author  = {Pearce, T. M.},
    year    = 1958,
    title   = {Three {R}ocky {M}ountain Terms: \textit{Park}, \textit{Sugan}, and \textit{Plaza}},
    journal = {American Speech},
    volume  = 33,
    number  = 2,
    pages   = {99â€“107},
    doi     = {10.2307/453178},
}

@article{peterson_barney_1952,
    author = {Peterson, Gordon E. and Barney, Harold L.},
    year   = {1952},
    title  = {Control Methods Used in a Study of the Vowels},
    journal = {Journal of the Acoustical Society of America},
    volume  = 24,
    number  = 2,
    pages   = {175--184},
    doi     = {10.1121/1.1906875},
}

@article{peterson_lehiste_1960,
    author = {Peterson, Gordon E. and Lehiste, Ilse},
    year   = {1960},
    title  = {Duration of Syllable Nuclei in {E}nglish},
    journal = {Journal of the Acoustical Society of America},
    volume  = 32,
    number  = 693,
    pages   = {693--703},
    doi     = {10.1121/1.1908183},
}

@article{podesva_2011,
    author  = {Podesva, Robert J.},
    year    = 2011,
    title   = {The {C}alifornia {V}owel {S}hift and Gay Identity},
    journal = {American Speech},
    volume  = 86,
    number  = 1,
    pages   = {32--51},
    doi     = {10.1215/00031283-1277501},
}

@article{podesva_etal_2015,
    author  = {Podesva, Robert J. and D'Onofrio, Annette and Van Hofwegen, Janneke and Kim, Seung Kyung},
    year    = 2015,
    title   = {Country ideology and the {C}alifornia {V}owel {S}hift},
    journal = {Language Variation and Change},
    volume  = 27,
    number  = 2,
    pages   = {157--186},
    doi     = {10.1017/S095439451500006X},
}

@article{pond_1932,
    author  = {Pond, Frederick R.},
    year    = 1932,
    title   = {Language of the {C}alifornia Oil Fields},
    journal = {American Speech},
    volume  = 7,
    number  = 4,
    pages   = {261--272},
    doi     = {10.2307/451905},
}

@article{pound_1929,
    author  = {Pound, Louise},
    year    = 1929,
    title   = {``{P}eter Funk''. The Pedigree of a Westernism},
    journal = {American Speech},
    volume  = 4,
    number  = 3,
    pages   = {183--186},
    doi     = {10.2307/452350},
}

@article{pratt_2018,
    author  = {Pratt, Teresa},
    year    = 2018,
    title   = {Embodying Toughness: {LOT}-raising, /l/-Velarization, and Retracted Articulatory Setting},
    journal = {Penn Working Papers in Linguistics},
    volume  = 24,
    number  = 2,
    pages   = {107--116},
}

@article{pratt_donofrio_2017,
    author = {Pratt, Teresa and D'Onofrio, Annette},
    year   = 2017,
    title  = {Jaw setting and the California Vowel Shift in parodic performance},
    journal = {Language in Society},
    volume = 46,
    number = 3,
    pages  = {283--312},
    doi    = {10.1017/S0047404517000227}
}

@article{presnyakova_etal_2018,
    author  = {Presnyakova, Irina and Umbal, Pocholo and Panayiotis A Pappas},
    year    = 2018,
    title   = {The Effect of Heritage on {C}anadian {S}hift in {V}ancouver},
    journal = {Penn Working Papers in Linguistics},
    volume  = 24,
    number  = 2,
    pages   = {117--126},
}




@article{reddy_stanford_2015_DARLA,
    author  = {Reddy, Sravana and Stanford, James N.},
    year    = 2015,
    title   = {Toward completely automated vowel extraction: {I}ntroducing {DARLA}},
    journal = {Linguistics Vanguard},
    doi     = {10.1515/lingvan-2015-0002},
}

@article{reed_1952,
    author  = {Reed, Carrol E.},
    year    = 1952,
    title   = {The Pronunciation of {E}nglish in the State of {W}ashington},
    journal = {American Speech},
    volume  = 27,
    number  = 3,
    pages   = {186--189},
    doi     = {10.2307/453476},
}

@article{reed_1956,
    author  = {Reed, Carrol E.},
    year    = 1956,
    title   = {Washington Words},
    journal = {Publication of the American Dialect Society},
    volume  = 25,
    number  = 1,
    pages   = {3--11},
    doi     = {10.1215/-25-1-3},
}

@article{reed_1957,
    author  = {Reed, Carroll E.},
    year    = 1957,
    title   = {Word Geography of the {P}acific {N}orthwest},
    journal = {Orbis},
    volume  = 6,
    pages   = {86--93},
}

@article{reed_1961,
    author  = {Reed, Carroll E.},
    year    = 1961,
    title   = {The Pronunciation of {E}nglish in the {P}acific {N}orthwest},
    journal = {Language},
    volume  = 37,
    number  = 4,
    pages   = {559--564},
    doi     = {10.2307/411357},
}

@article{reed_2018,
    author = {Reed, Paul E.},
    year   = {2018},
    title  = {The importance of {A}ppalachian identity: {A} case study in rootedness},
    journal = {American Speech},
    volume = {93},
    number = {3--4},
    pages  = {409--424},
    doi    = {10.1215/00031289-7271250}
}

@article{renwick_ladd_2016,
    author = {Renwick, Margaret E. L. and Ladd, D. Robert},
    year   = {2016},
    title  = {Phonetic Distinctiveness vs. Lexical Contrastiveness in Non-Robust Phonemic Contrasts},
    journal = {Laboratory Phonology},
    volume = {7},
    number = {1},
    pages  = {19},
    doi    = {10.5334/labphon.17}
}

@article{renwick_stanley_2020,
    author  = {Renwick, Margaret E. L. and Stanley, Joseph A.},
    year    = 2020,
    title   = {Modeling dynamic trajectories of tense vs. lax front vowels in the {A}merican {S}outh},
    journal = {The Journal of the Acoustical Society of America},
    volume  = 147,
    number  = 1,
    pages   = {579--595},
    doi     = {10.1121/10.0000549},
}

@article{roeder_2012,
    author  = {Roeder, Rebecca},
    year    = 2012,
    title   = {The {C}anadian {S}hift in two {O}ntario cities},
    journal = {World Englishes},
    volume  = 31,
    number  = 4,
    pages   = {478--492},
    doi     = {10.1111/j.1467-971X.2012.01775.x},
}

@article{roeder_gardner_2013,
    author  = {Roeder, Rebecca and Gardner, Matt},
    year    = 2013,
    title   = {The Phonology of the {C}anadian {S}hift Revisited: {T}hunder {B}ay \& {C}ape {B}reton},
    journal = {University of Pennsylvania Working Papers in Linguistics},
    volume  = 19,
    number  = 2,
    note    = {Available at https://repository.upenn.edu/pwpl/vol19/iss2/18}
}

@article{roeder_jarmasz_2010,
    author  = {Roeder, Rebecca and Jarmasz, Lidia-Gabriela},
    year    = 2010,
    title   = {The {C}anadian {S}hift in {T}oronto},
    journal = {Canadian Journal of Linguistics/Revue canadienne de linguistique},
    volume  = 55,
    number  = 3,
    pages   = {387--404},
    doi     = {10.1017/S0008413100001614},
}

@article{roeder_etal_2018,
    author  = {Roeder, Rebecca and Onosson, Sky and D'Arcy, Alexandra},
    year    = 2018,
    title   = {Joining the {W}estern Region: {S}ociophonetic Shift in {V}ictoria},
    journal = {Journal of English Linguistics},
    volume  = 46,
    number  = 2,
    pages   = {87--112},
    doi     = {10.1177/0075424217753987},
}

@article{sadlier_brown_tamminga_2008,
    author  = {Sadlier-Brown, Emily and Tamminga, Meredith},
    year    = 2008,
    title   = {The {C}anadian {S}hift: {C}oast to Coast},
    journal = {Proceedings of the 2008 annual conference of the Canadian Linguistic Association},
}

@article{scanlon_wassink_2010,
    author  = {Scanlon, Michael and Wassink, Alicia Beckford},
    year    = 2010,
    title   = {Using acoustic trajectory information in studies of merger},
    journal = {University of Pennsylvania Working Papers in Linguistics},
    volume  = 16,
    number  = 2,
}

@article{schultz_1937,
    author = {Schultz, J. R.},
    year   = {1937},
    title  = {Railroad Terms},
    journal  = {American Speech},
    volume  = {12},
    number  = {2}
}


@article{sheldon_1889,
    author  = {Sheldon, E. S.},
    year    = 1889,
    title   = {The American Dialect Society: Plan of Work},
    journal = {Dialect Notes},
    volume  = 1,
    number  = 1,
    pages   = {25--29},
}

@article{shulman_1949,
    author  = {Shulman, David},
    year    = 1949,
    title   = {Some {C}alifornian Contributions to the {A}merican Vocabulary},
    journal = {American Speech},
    volume  = 24,
    number  = 4,
    pages   = {264--267},
    doi     = {10.2307/453047},
}

@article{snapp_logan_1938,
    author  = {Snapp, D. V. and Logan, C. T.},
    year    = {1938},
    title   = {The Lingo of Railroad Linemen},
    journal = {American Speech},
    volume  = {13},
    number  = {1},
    pages   = {70--71},
}

@article{soskuthy_etal_2018,
    author  = {S{\'o}skuthy, M{\'a}rton and Foulkes, Paul and Hughes, Vincent and Haddican, Bill},
    year    = 2018,
    title   = {Changing Words and Sounds: {T}he Roles of Different Cognitive Units in Sound Change},
    journal = {Topics in Cognitive Science},
    volume  = 10,
    number  = 4,
    pages   = {787--802},
    doi     = {10.1111/tops.12346},
}

@article{stanford_etal_2012,
    author = {Stanford, James N. and Leddy-Cecere, Thomas A. and Baclawski, Kenneth P.},
    year   = 2012,
    title  = {Farewell to the Founders: {M}ajor Dialect Changes Along the East-West {N}ew {E}ngland Border},
    journal = {American Speech},
    volume  = 87,
    number  = 2,
    pages   = {126--169},
    doi     = {10.1215/00031283-1668190},
}


@article{stanley_2018_pwpl,
	author = {Stanley, Joseph A.},
	year = {2018},
	title = {Changes in the Timber Industry as a Catastrophic Event: \textsc{bag}-Raising in {C}owlitz {C}ounty, {W}ashington},
	volume = {24},
	number = {2},
	journal = {University of Pennsylvania Working Papers in Linguistics},
	note    = {Available at: https://repository.upenn.edu/pwpl/vol24/iss2/16},
}

@article{stanley_2019_BEG_paper,
    author  = {Stanley, Joseph A.},
    year    = 2019,
    title   = {Phonological patterns in {\beg}-raising},
    journal = {UGA Working Papers in Linguistics},
    volume  = 4,
    note    = {69--91},
    url     = {http://hdl.handle.net/10724/38626}
}

@unpublished{stanley_submitted_beg,
    author = {Stanley, Joseph A.},
    title  = {{R}egional patterns in prevelar raising},
    pubstate = {submitted}
}

@article{stanley_forthcoming_thr,
    author  = {Stanley, Joseph A.},
    pubstate = {forthcoming},
    title   = {(thr)-{F}lapping in {A}merican {E}nglish: {S}ocial factors and articulatory motivations},
    journal = {Proceedings of the 5th Annual Linguistics Conference at UGA}
}

@article{stevens_1925,
    author  = {Stevens, James},
    year    = 1925,
    title   = {Logger talk},
    journal = {American Speech},
    volume  = 1,
    number  = 3,
    pages   = {135--140},
    doi     = {10.2307/452535},
}

@article{strycharczuk_scobbie_2017,
    author  = {Strycharczuk, Patrycja and Scobbie, James M.},
    year    = 2017,
    title   = {Fronting of {S}outhern {B}ritish {E}nglish high-back vowels in articulation and acoustics},
    journal = {The Journal of the Acoustical Society of America},
    volume  = 142,
    number  = 1,
    pages   = {322--331},
    doi     = {0.1121/1.4991010},
}

@article{swan_2016_proceedings,
    author  = {Swan, Julia Thomas},
    year    = 2016,
    title   = {Canadian {E}nglish in the {P}acific {N}orthwest: {A} Phonetic Comparison of {V}ancouver, {BC} and {S}eattle, {WA}},
    journal = {Proceedings of the 2016 annual conference of the Canadian Linguistic Association},
}

@article{tomaschek_etal_2018_phonetics,
    author  = {Tomaschek, Fabian and Arnold, Denis and Br{\"o}ker, Franziska and Baayen, R. Harald},
    year    = 2018,
    title   = {Lexical frequency co-determines the speed-curvature relation in articulation},
    journal = {Journal of Phonetics},
    volume  = 68,
    pages   = {103--116},
    doi     = {10.1016/j.wocn.2018.02.003},
}

@article{tomaschek_etal_2018_vanguard,
    author  = {Tomaschek, Fabian and Tucker, Benjamin V. and Fasiolo, Matteo Baayen, R. Harald},
    year    = 2018,
    title   = {Practice makes perfect: {T}he consequences of lexical proficiency for articulation},
    journal = {Linguistics Vanguard},
    volume  = 4,
    number  = {s2},
    pages   = {1--1000},
    doi     = {10.1515/lingvan-2017-0018},
}

@article{traunmuller_1990,
    author  = {Traunm\"uller, Hartmut},
    year    = 1990,
    title   = {Analytical expressions for the tonotopic sensory scale},
    journal = {The Journal of the Acoustical Society of America},
    volume  = 88,
    number  = {97},
    pages   = {97--100},
    doi     = {10.1121/1.399849},
}

@article{villarreal_2018,
    author  = {Villarreal, Dan},
    year    = 2018,
    title   = {The Construction of Social Meaning: {A} Matched-Guise Investigation of the {C}alifornia {V}owel {S}hift},
    journal = {Journal of English Linguistics},
    volume  = 46,
    number  = 1,
    pages   = {52--78},
    doi     = {10.1177/0075424217753520},
}

@article{warren_fulop_2014,
    author  = {Warren, Ron and Sean Fulop},
    year    = 2014,
    title   = {The Merged Vowel of {PIN} and {PEN} as Realized in {B}akersfield, {C}alifornia},
    journal = {The Journal of the Acoustical Society of America},
    volume  = 135,
    pages   = {2292},
    doi     = {10.1121/1.4877528},
}

@article{wasserstein_etal_2019,
    author  = {Wasserstein, Ronald L. and Schirm, Allen L. and Lazar, Nicole A.},
    year    = 2019,
    title   = {Moving to a World Beyond ``\textit{p}~$<$~0.05''},
    journal = {The American Statistician},
    volume  = 73:sup1,
    pages   = {1--19},
    doi     = {10.1080/00031305.2019.1583913},
}


@article{wassink_2011,
    author  = {Wassink, Alicia Beckford},
    year    = 2011,
    title   = {Vowel reduction and merger in {P}acific {N}orthwest {E}nglish},
    journal = {The Journal of the Acoustical Society of America},
    volume  = 129,
    number  = 4,
    pages   = {2452},
    doi     = {doi:10.1121/1.3588052},
}

@article{wassink_2015,
    author  = {Wassink, Alicia Beckford},
    year    = 2015,
    title   = {Sociolinguistic patterns in {S}eattle {E}nglish},
    journal = {Language Variation and Change},
    volume  = 27,
    number  = 1,
    pages   = {31--58},
    doi     = {10.1017/S0954394514000234},
}

@article{watkins_mulhall_1951,
    author  = {Watkins, Sheila M. and Mulhall, James E.},
    year    = 1951,
    title   = {Some {C}alifornia Words},
    journal = {American Speech},
    volume  = 26,
    number  = 3,
    pages   = {224--225},
    doi     = {10.2307/453089},
}

@article{wieling_2018,
    author  = {Wieling, Martijn},
    year    = 2018,
    title   = {Analyzing dynamic phonetic data using generalized additive mixed modeling: {A} tutorial focusing on articulatory differences between {L1} and {L2} speakers of {E}nglish},
    journal = {Journal of Phonetics},
    volume  = 70,
    pages   = {86--116},
    doi     = {10.1016/j.wocn.2018.03.002},
}

@article{wolfson_1976,
    author  = {Wolfson, Nessa},
    year    = 1976,
    title   = {Speech Events and Natural Speech: {S}ome Implications for Sociolinguistic Methodology},
    journal = {Language in Society},
    volume  = 5,
    number  = 2,
    pages   = {189--209},
    doi     = {10.1017/S0047404500007028},
}

@article{wood_2003,
    author = {S. N. Wood},
    year = {2003},
    title = {Thin-plate regression splines},
    journal = {Journal of the Royal Statistical Society (B)},
    volume = {65},
    number = {1},
    pages = {95-114},
  }

@article{yelsma_1969,
    author  = {Yelsma, Paul L.},
    year    = 1969,
    title   = {Words Used by the Fire Fighters of the {D}enver Fire Department},
    journal = {Publication of the American Dialect Society},
    volume  = 52,
    number  = 1,
    pages   = {24--36},
    doi     = {10.1215/-52-1-24},
}

@article{zhang_2005,
    author  = {Zhang, Qing},
    year    = 2005,
    title   = {A Chinese yuppie in {B}eijing: {P}honological variation and the construction of a new professional identity},
    journal = {Langauge in Society},
    volume  = 34,
    number  = 3,
    pages   = {431--466},
    doi     = {10.1017/S0047404505050153},
}

@article{zwicker_1961,
    author  = {Zwicker, Eberhard},
    year    = 1961,
    title   = {Subdivision of the Audible Frequency Range into Critical Bands (Frequenzgruppen)},
    journal = {The Journal of the Acoustical Society of America},
    volume  = 34,
    number  = 2,
    pages   = {248--248},
}



% -------------------------------------------------------------
% ----------------------  Conferences    ----------------------
% -------------------------------------------------------------

@unpublished{adcock_becker_2016,
    author = {Adcock, Richard and Kara Becker},
    title  = {Perceptions of {TRAP}-backing in {O}regon {E}nglish},
    note   = {Paper presented at the Cascadia Workshop in Sociolinguistics (CWSL), Seattle, WA},
    year   = {2016},
}

@unpublished{bailey_2018,
    author = {Bailey, Guy},
    title  = {The Life and Growth of Language in an Age of Catastrophic Events},
    note   = {Paper presented at the Luncheon at the Annual Meeting of the American Dialect Society, Salt Lake City, UT},
    year   = {2018},
}

@unpublished{barreda_2019,
    author = {Barreda-Casta{\~n}{\'o}n, Santiago},
    sortkey = {Barreda, Santiago},
    title  = {A theoretical and statistical investigation of vowel normalization procedures},
    note   = {Paper presented at the 93rd Annual Meeting of the Linguistic Society of America, New York City, NY},
    year   = {2019},
}

@unpublished{becker_swan_2019,
    author = {Becker, Kara and Swan, Julia Thomas},
    title  = {The social meaning of {TRAP}-backing in {W}est {C}oast {E}nglish: {E}vidence from perception},
    note   = {Paper presented at the American Dialect Society Annual Meeting, New York City, NY},
    year   = {2019},
}

@unpublished{becker_etal_2013,
    author = {Becker, Kara and Aden, Anna and Best, Katelyn and Dines, Rena and Flores, Juan and Jacobson Haley},
    title  = {Keep {P}ortland weird: {V}owels in {O}regon {E}nglish},
    note   = {Paper presented at New Ways of Analyzing Variation (NWAV) 42, Pittsburgh, PA},
    year   = {2013},
}

@unpublished{becker_bahls_2019,
    author = {Becker, Kara and Bahls, Cecilia},
    title  = {The {L}ow-{B}ack-{M}erger {S}hift in {P}ort {T}ownsend, {W}ashington},
    note   = {Paper presented at New Ways of Analyzing Variation (NWAV) 48, Eugene, OR},
    year   = {2019},
}

@unpublished{bowie_etal_2012,
    author = {Bowie, David and Bushnell, Tracy and Collins, Alison and Kudenov, Peter and Meisner, Stacie and Ray, Melissa and Scotland, Brennan and Valentine, Noelle and Dricoll, Becky and Joehnk, Jessa and Kubitskey, Katie},
    title  = {A very northern {C}alifornia shift? The vowel system of southcentral {A}laska},
    note   = {Poaster presented at New Ways of Analyzing Variation 41 (NWAV41), Indiana University},
    year   = {2012},
}

@unpublished{brotherton_etal_2019,
    author = {Brotherton, Chloe and Cohn, Michelle and Zellow, Georgia and Barreda, Santiago},
    title  = {Regional variation in vowel positioning and diphthongization in {TRAP} allophones in {C}alifornia},
    note   = {Paper presented at the American Dialect Society Annual Meeting, New York City, NY},
    year   = {2019},
}

@unpublished{cardoso_etal_2019,
    author = {Cardoso, Amanda, and Xu, Kaining and Babel, Molly and Pritchard, Robert},
    title  = {Different Means to a Similar End: {A}pparent Time Change in {B}ritish {C}olumbian {E}nglishes},
    note   = {Paper presented at New Ways of Analyzing Variation (NWAV) 48, Eugene, OR},
    year   = {2019},
}


@unpublished{dinkin_2018,
    author = {Dinkin, Aaron},
    title  = {Revisiting the {I}nland {N}orth {F}ringe},
    note   = {Paper presented at New Ways of Analyzing Variation (NWAV) 47, New York City, NY},
    year   = {2018},
}

@unpublished{fruehwald_2017_gamm,
    author = {Fruehwald, Josef},
    title  = {Studying Pronunciation Changes with Gamms},
    note   = {Presentation at EdinbR: The Edinburgh R User Group, Edinburgh, Scotland},
    year   = {2017},
}

@unpublished{grama_kennedy_2018,
    author = {Grama, James and Kennedy, Robert},
    title  = {A {LOT} of {THOUGHT} about variance and contrast: {R}econsidering low-back identity and the {C}alifornia {V}owel {S}hift},
    note   = {Paper presented at the Annual Meeting of the American Dialect Society, Salt Lake City, UT},
    year   = {2018},
}

@unpublished{grama_etal_2012,
    author = {Grama, James and Kirtley, M. Joelle and Drager, Katie and Simpson, Sean and Clifford, Rebecca},
    title  = {Language change in {H}awai'i: {KIT}, {DRESS}, and {TRAP} in motion},
    note   = {Paper presented at New Ways of Analyzing Variation (NWAV) 41, Indiana University},
    year   = {2012},
}

@unpublished{holland_2019,
    author = {Holland, Cory},
    title  = {The relationship between front/low lax vowel movements in western {U. S.} {E}nglish},
    note   = {Paper presented at the American Dialect Society Annual Meeting, New York City, NY},
    year   = {2019},
}

@misc{li_etal_2018,
    author = {Li, Lanlan and Rosen, Nicole and Tran, Hai},
    title  = {Sociolinguistic variables, integration and identity markers among {F}ilipino {W}innipeggers},
    year   = {2018},
    note   = {Paper presented at New Ways of Analyzing Variation (NWAV) 47, New York City, NY},
}

@unpublished{mason_2018,
    author = {Mason, Alexander},
    title  = {Itâ€™s a {TRAP}!: The trigger for the {E}lsewhere {S}hift in {L}ansing, {M}ichigan},
    note   = {Paper presented at New Ways of Analyzing Variation (NWAV) 47, New York City, NY},
    year   = {2018},
}

@unpublished{nelson_2011,
    author  = {Nelson, Katherine},
    year    = 2011,
    title   = {A cross-generational acoustic study of the front vowels of native {O}regonians},
    note   = {Paper presented at New Ways of Analyzing Variation (NWAV) 40, Washington, D.C.},
}

@unpublished{nesbitt_mason_2016,
    author  = {Nesbitt, Monica and Mason, Alexander},
    year    = 2016,
    title   = {Dialect Leveling Across the {US}: {E}vidence of the {T}hird {D}ialect {S}hift in the {I}nland {N}orth},
    note   = {Paper presented at New Ways of Analyzing Variation (NWAV) 45, Vancouver, BC},
}


@unpublished{pratt_etal_2018,
    author = {Pratt, Teresa and Van Hofwegen, Janneke and D'Onofrio, Annette and Eckert, Penelope and Podesva, Robert },
    title  = {How much wiggle room is there in a shift?},
    note   = {Paper presented at the Annual Meeting of the American Dialect Society, Salt Lake City, UT},
    year   = {2018},
}

@unpublished{schilling_2017,
    author = {Schilling, Natalie},
    title  = {The Persistence of Dialectal Distinctiveness: Smith Island English in Apparent and Real Time},
    note   = {Paper presented at the Annual Meeting of the American Dialect Society, Austin, TX},
    year   = {2017},
}

@unpublished{stanford_etal_2019,
    author = {Stanford, James N. and Nesbitt, Monica and King, James and Turner, Sebastian},
    title  = {Pioneering a Dialect Shift in the {P}ioneer {V}alley: Evidence for the {Low-Back-Merger Shift} in {Western Massachusetts}},
    note   = {Paper presented at New Ways of Analyzing Variation 48, Eugene, OR},
    year   = {2019},
}

@unpublished{stanley_2017_ADS,
    author = {Stanley, Joseph A.},
    title  = {The perception and production of two vowel mergers in {C}owlitz {C}ounty, {W}ashington},
    note   = {Paper presented at the Annual Meeting of the American Dialect Society, Austin, TX},
    year   = {2017},
}

@unpublished{stanley_2019_LCUGA6,
    author = {Stanley, Joseph A.},
    title  = {Real Time Vowel Shifts in {Georgia English}},
    note   = {Paper presented at the 6th Annual Linguistics Conference at UGA, Athens, GA},
    year   = {2019},
}

@unpublished{stanley_renwick_2019_LSA_poster,
    author = {Stanley, Joseph A. and Renwick, Margaret E. L.},
    title  = {Social factors in Southern US Speech: Acoustic analysis of a large-scale legacy corpus},
    note   = {Poster presented at the 93rd Annual Meeting of the Linguistic Society of America, New York City, NY},
    year   = {2019},
}

@unpublished{stanley_renwick_2020_LSA_talk,
    author = {Stanley, Joseph A. and Renwick, Margaret E. L.},
    title  = {Back vowel distinctions and dynamics in Southern US English},
    note   = {Paper presented at the 94th Annual Meeting of the Linguistic Society of America, New Orleans, LA},
    year   = {2020},
}

@unpublished{strelluf_2019,
    author = {Strelluf, Christopher},
    title  = {Machine-automated vowel measurement, old sound recordings, and error-correction procedures},
    note   = {Poster presented at the North American Research Network in Historical Sociolinguistics, New York City, NY},
    year   = {2019},
}

@unpublished{swan_2015,
    author = {Swan, Julia Thomas},
    title  = {Raising or retraction? {T}he story of /{\textipa{\ae}}/ in {S}eattle and {V}ancouver, {B}.{C}.},
    note   = {Paper presented at New Ways of Analyzing Variation (NWAV) 44, Toronto, ON},
    year   = {2015},
}

@unpublished{swan_2018,
    author = {Swan, Julia Thomas},
    title  = {The {T}hird {D}ialect shift: {A} change in progress in {V}ancouver, {BC} and {S}eattle, {WA}},
    note   = {Paper presented at the Linguistic Society of America Annual Meeting, Salt Lake City, UT},
    year   = {2018},
}

@unpublished{swan_2018_CWSL,
    author = {Swan, Julia Thomas},
    title  = {Toward a Social Meaning of {BAG}-raising: {S}ociohistorical factors and ideological stance among {S}eattle and {V}ancouver talkers},
    note   = {Paper presented at the Cascadia Workshop in Sociolinguistics, Portland, OR},
    year   = {2018},
}

@unpublished{tagliamonte_darcy_2017,
    author  = {Tagliamonte, Sali A. and D'Arcy, Alexandra},
    year    = 2017,
    title   = {Individuals, communities and the sociolinguistic canon},
    note    = {Paper presented at New Ways of Analyzing Variation (NWAV) 46, Madison, WI}
}

@unpublished{tamminga_sadlier_brown_2008,
    author = {Tamminga, Meredith and Sadlier-Brown, Emily},
    title  = {The Presence and Progress of the {C}anadian {S}hift in {H}alifax and {V}ancouver},
    note   = {Paper presented at the Change and Variation in Canada II, University of Ottawa},
    year   = {2008},
}

@unpublished{warburton_2018,
    author = {Warburton, Jasmine},
    title  = {The {GOAT-THOUGHT} Merger in {T}yneside {E}nglish: {E}vidence from static and dynamic data},
    note   = {Paper presented at New Ways of Analyzing Variation (NWAV) 47, New York City, NY},
    year   = {2018},
}

@unpublished{wassink_etal_2009,
    author = {Wassink, Alicia Beckford and Squizzero, Robert and Scanlon, Mike and Schirra, Rachel and Conn, Jeff},
    title  = {Effects of Style and Gender on Fronting and Raising of /{\textipa{\ae}}/, /{\textipa{e:}}/ and /{\textipa{E}}/ before /g/ in {S}eattle {E}nglish},
    note   = {Paper presented at New Ways of Analyzing Variation (NWAV) 38, Ottawa},
    year   = {2009},
}

@unpublished{wassink_chartier_2018,
    author = {Wassink, Alicia and Chartier, Nicole},
    title  = {Insufficient Data and the Mystery of the {L}inguistic {A}tlas of the {P}acific {N}orthwest},
    note   = {Paper presented the third annual Cascadia Workshop in Sociolinguistics (CWSL3), Portland, OR},
    year   = {2018},
}






% -------------------------------------------------------------
% ------------------------   MISC    --------------------------
% -------------------------------------------------------------

@misc{arnold_2018_ggthemes,
    author = {Arnold, Jeffrey B.},
    title  = {ggthemes: Extra Themes, Scales and Geoms for `ggplot2'},
    year   = {2018},
    url    = {https://CRAN.R-project.org/package=ggthemes}
}

@online{bailey_2016,
	title = {Cowlitz County Profile},
	url = {https://fortress.wa.gov/esd/employmentdata/reports-publications/regional-reports/county-profiles/cowlitz-county-profile},
	titleaddon = {Employment Security Department},
	author = {Bailey, Scott},
	date = {2016},
}

@misc{barrier_froyalde_1998,
    author = {Barrier, Jay and Foryalde, Rev},
    title  = {Cowlitz and {W}ahkiakum {C}ounty Profile: {O}ctober 1998},
    year   = {1998},
    note   = {Labor Market and Economic Analysis Branch, Employment Security Department}
}

@misc{boersma_weenink_2018_praat,
    author = {Boersma, Paul and Weenink, David},
    title  = {Praat: Doing phonetics by computer},
    year   = "1992--2018",
    note   = {[Computer program]. Version 6.0.43. http://www.praat.org/},
}

@misc{brickhouse_2019,
    author = {Brickhouse, Christian},
    title  = {Contrast maintenance in {C}alifornia low back vowels},
    year   = {2019},
    howpublished = {Second Qualifying Paper, Stanford University Department of Linguistics}
}

@misc{davies_2008_coca,
    author = {Davies, Mark},
    title = {The {C}orpus of {C}ontemporary {A}merican {E}nglish ({COCA}): 560 million words, 1990--present},
    year   = {2008--},
    note  = {Available online at https://corpus.byu.edu/coca/}
}

@misc{dimock_2018,
    author = {Dimock, Michael},
    title  = {Defining gpenerations: Where Millennials end and post-Millennials begin},
    year   = {2018},
    note   = {Pew Research Center. http://www.pewresearch.org/fact-tank/2018/03/01/defining-generations-where-millennials-end-and-post-millennials-begin/.  (7 December, 2018)},
}

@misc{eckert_2004,
    author = {Eckert, Penelope},
    title  = {Vowel shifts in {N}orthern {C}alifornia and the {D}etroit suburbs: {N}orthern {C}alifornia vowels},
    year   = {2004},
    note   = {https://web.stanford.edu/~eckert/vowels.html. (1 September, 2018)},
}

@misc{fruehwald_2018,
    author = {Fruehwald, Josef},
    title  = {Why does Labov have such weird transcriptions?},
    year   = {2018},
    howpublished = {\textit{Val Systems} [Blog].},
    note   = {http://val-systems.blogspot.com/2018/07/why-does-labov-have-such-weird.html (10 September, 2018)},
}

@misc{galloway_1967,
    author = {Galloway, Brent},
    title  = {{\textipa{\ae}}y in California and Nevada},
    year   = {1967},
    howpublished = {Unpublished manuscript in a collection entitled \textit{Four Papers on Phonology in the Survey of the Linguistic Atlas of the West Coast}},
    note   = {Linguistic Atlas Office},
}

@misc{hall_lew_2004,
    author = {Hall-Lew, Lauren},
    title  = {The western vowel shift in {N}orthern {A}rizona},
    year   = {2004},
    note   = {Unpublished manuscript, Stanford University. http://www.lel.ed.ac.uk/~lhlew/Hall-Lew\%20QP1.pdf (19 July, 2017)},
}

@misc{johnson_2014,
    author = {Johnson, Daniel Ezra},
    title  = {Progression in regression: Why natural language data calls for mixed-effects models},
    year   = {2014},
    howpublished = {Self-published manuscript},
}

% NEW SOURCE
@misc{labov_1998_2004,
    author = {Labov, William},
    title  = {Sociolinguistic interview questionnaires},
    year   = {1998--2004},
    howpublished = {http://cw.routledge.com/textbooks/meyerhoff/exercises-doing5.asp, accessed February 1, 2016},
}

@collection{lewis_etal_2016_ethnologue,
    editor    = {Lewis, M. Paul and Simons, Gary F. and Fennig, Charles D.},
    title     = {Ethnologue: Languages of the World},
    date      = {2016},
    edition   = {19},
    location  = {Dallas, Texas},
    publisher = {{SIL} International},
	note      = {Online version: http://www.ethnologue.com},
}

@misc{longview_1991_minutes,
    author = {Longview City Council},
    title  = {Minutes of the Regular Session of the Longview City Council held Thursday, April 15, 1991},
    year   = {1991},
}

@misc{longview_1991_municipal_code,
    author = {Longview Municipal Code},
    title  = {Chapter 11.30: Cruising Motor Vehicles - Regulated},
    year   = {1991},
    note   = {},
}

% NEW SOURCE
@software{lennes_2017,
  author       = {Lennes, Mietta},
  title        = {{SpeCT - Speech Corpus Toolkit for Praat (v1.0.0). First release on GitHub}},
  month        = {mar},
  year         = 2017,
  publisher    = {Zenodo},
  version      = {1.0.0},
  doi          = {10.5281/zenodo.375923},
  url          = {https://doi.org/10.5281/zenodo.375923}
}

@misc{metcalf_nd,
    author = {Metcalf, Allan A.},
    title  = {The {L}inguistic {A}tlas of the {P}acific {C}oast: {F}ield Work in {C}alifornia and {N}evada},
    howpublished = {Unpublished manuscript},
    note   = {Linguistic Atlas Office}
}

% This is striaght from the Kaldi website: https://kaldi-asr.org/doc/about.html
@INPROCEEDINGS{povey_etal_2011_kaldi,
         author = {Povey, Daniel and Ghoshal, Arnab and Boulianne, Gilles and Burget, Lukas and Glembek, Ondrej and Goel, Nagendra and Hannemann, Mirko and Motlicek, Petr and Qian, Yanmin and Schwarz, Petr and Silovsky, Jan and Stemmer, Georg and Vesely, Karel},
       keywords = {ASR, Automatic Speech Recognition, GMM, HTK, SGMM},
          month = dec,
          title = {The Kaldi Speech Recognition Toolkit},
      booktitle = {IEEE 2011 Workshop on Automatic Speech Recognition and Understanding},
           year = {2011},
      publisher = {IEEE Signal Processing Society},
       location = {Hilton Waikoloa Village, Big Island, Hawaii, US},
           note = {IEEE Catalog No.: CFP11SRW-USB},
}

@manual{r_2018,
     title = {R: A Language and Environment for Statistical Computing},
     author = {{R Core Team}},
     organization = {R Foundation for Statistical Computing},
     address = {Vienna, Austria},
     year = {2018},
     url = {http://www.R-project.org/},
}

@manual{robinson_hayes_2018_broom,
    title = {broom: Convert Statistical Analysis Objects into Tidy Tibbles},
    author = {David Robinson and Alex Hayes},
    year = {2018},
    note = {R package version 0.5.1},
    url = {https://CRAN.R-project.org/package=broom},
}

@misc{rosenfelder_etal_2014,
    author = {Rosenfelder, Ingrid and Fruehwald, Josef and Evanini, Keelan and Seyfarth, Scott and Gorman, Kyle and Prichard, Hilary and Yuan, Jiahong},
    title  = {FAVE (Forced Alignment and Vowel Extraction) Program Suite},
    year   = {2014},
    note   = {Version 1.2.2},
}

@misc{sankoff_1975_varbrul,
    author = {Sankoff, David},
    title  = {{VARBRUL} 2},
    year   = {1975},
    note   = {},
}

@misc{sankoff_etal_2005_goldvarb,
    author = {Sankoff, David and Tagliamonte, Sali A. and Smith, Eric},
    title  = {Goldvarb X: A variable rule application for Macintosh and Windows},
    year   = {2005},
    note   = {Department of Linguistics, University of Toronto},
}

@manual{slowikowsky_2018_ggrepel,
    title = {ggrepel: Automatically Position Non-Overlapping Text Labels with ggplot2},
    author = {Kamil Slowikowski},
    year = {2018},
    note = {R package version 0.8.0},
    url = {https://CRAN.R-project.org/package=ggrepel},
}

@unpublished{soskuthy_2017,
  author       = {S{\'o}skuthy, M{\'a}rton},
  title        = {Generalised Additive Mixed Models For Dynamic Analysis In Linguistics: {A} Practical Introduction},
  year         = 2017,
  note         = {https://github.com/soskuthy/gamm\_intro. (22 March, 2017)}
}

@misc{stanley_2018_mistplots,
    author = {Stanley, Joseph A.},
    title  = {New methods in outlier detection and formant measurement using a modified {M}ahalanobis distance and ``mistplots''},
    year   = {2018},
    note   = {Presented at the University of Georgia Linguistics Colloquium, Athens, Georgia},
}

@misc{stanley_2019_blog,
    author = {Stanley, Joseph A.},
    title  = {Why do people use \bat instead of \trap?},
    year   = {2019},
    note   = {http://joeystanley.com/blog/why-do-people-use-bat-instead-of-trap (29 October, 2019)},
}

% NEW SOURCE
@manual{joey_2020_joeyr,
    title = {joeyr: Functions for Vowel Data},
    author = {Stanley, Joseph A.},
    year = {2020},
    note = {R package version 0.3.1},
  }

@misc{thomas_kendall_2007_NORM,
    author = {Thomas, Erik and Kendall, Tyler},
    title  = {{NORM}: The vowel normalization and plotting suite},
    year   = {2007},
    note   = {Online Resource: http://ncslaap.lib.ncsu.edu/tools/norm/},
}


@misc{tol_2012,
    author    = {Tol, Paul},
    title     = {Colour Schemes},
    year      = {2012},
    note      = {SRON Technical Note: SRON/EPS/TN/09-002. https://personal.sron.nl/~pault/}
}

@misc{census,
    author = {U.S. Census Bureau, Population Estimates Program (PEP). Updated Annually.},
}

@misc{census_factfinder,
    author = {U.S. Census Bureau},
    title  = {2013-2017 American Community Survey 5-Year Estimates},
    note   = {Retrieved via factfinder.census.gov, March 28, 2019.}
}


@misc{van_rij_etal_2017_itsadug,
    title = {{itsadug}: Interpreting Time Series and Autocorrelated Data Using GAMMs},
    author = {Jacolien {van Rij} and Martijn Wieling and R. Harald Baayen and Hedderik {van Rijn}},
    year = {2017},
    note = {R package version 2.3},
}

@book{wickham_2016_ggplot2,
    author = {Hadley Wickham},
    title = {ggplot2: {E}legant Graphics for Data Analysis},
    publisher = {Springer-Verlag New York},
    year = {2016},
    isbn = {978-3-319-24277-4},
    url = {http://ggplot2.org},
  }

@manual{wickham_2017_tidyverse,
    title = {tidyverse: {E}asily Install and Load the '{T}idyverse'},
    author = {Hadley Wickham},
    year = {2017},
    note = {R package version 1.2.1},
    url = {https://CRAN.R-project.org/package=tidyverse},
 }

@manual{wickham_2019_stringr,
    title = {stringr: {S}imple, Consistent Wrappers for Common String Operations},
    author = {Hadley Wickham},
    year = {2019},
    note = {R package version 1.4.0},
    url = {https://CRAN.R-project.org/package=stringr},
 }

 @manual{wickham_2019_forcats,
    title = {forcats: {T}ools for Working with Categorical Variables (Factors)},
    author = {Hadley Wickham},
    year = {2019},
    note = {R package version 0.4.0},
    url = {https://CRAN.R-project.org/package=forcats},
  }

 @manual{wickham_2019_modelr,
    title = {modelr: {M}odelling Functions that Work with the Pipe},
    author = {Hadley Wickham},
    year = {2019},
    note = {R package version 0.1.3},
    url = {https://CRAN.R-project.org/package=modelr},
 }

 @manual{wickham_bryan_2019_readxl,
    title = {readxl: {R}ead {E}xcel Files},
    author = {Hadley Wickham and Jennifer Bryan},
    year = {2019},
    note = {R package version 1.3.0},
    url = {https://CRAN.R-project.org/package=readxl},
  }

@Manual{wickham_etal_2019_dplyr,
    title = {dplyr: {A} Grammar of Data Manipulation},
    author = {Hadley Wickham and Romain FranÃ§ois and Lionel Henry and Kirill MÃ¼ller},
    year = {2019},
    note = {R package version 0.8.0.1},
    url = {https://CRAN.R-project.org/package=dplyr},
  }

@Manual{wickham_henry_2018_tidyr,
    title = {tidyr: {E}asily Tidy Data with `spread()' and `gather()' Functions},
    author = {Hadley Wickham and Lionel Henry},
    year = {2018},
    note = {R package version 0.8.2},
    url = {https://CRAN.R-project.org/package=tidyr},
  }


@Manual{wickham_etal_2018_readr,
    title = {readr: {R}ead Rectangular Text Data},
    author = {Hadley Wickham and Jim Hester and Romain Francois},
    year = {2018},
    note = {R package version 1.3.1},
    url = {https://CRAN.R-project.org/package=readr},
  }

@Manual{wilke_2019_cowplot,
    title = {cowplot: Streamlined Plot Theme and Plot Annotations for `ggplot2'},
    author = {Claus O. Wilke},
    year = {2019},
    note = {R package version 0.9.4},
    url = {https://CRAN.R-project.org/package=cowplot},
  }

@misc{winter_2013,
    author = {Winter, Bodo},
    title  = {Linear models and linear mixed effects models in {R} with linguistic applications},
    year   = {2013},
    note   = {http://arxiv.org/pdf/1308.5499.pdf},
}
